2850 4898
430 279 773 339 ΑΠΟΣΠΑΣΜΑΤΙΑ.
1153 277 1218 345 897

118 452 148 505 τδ
161 454 278 524 πληροῦν
293 450 487 524 (ἀποπληροῦν)
503 450 569 505 αὐτὰ
580 452 664 506 ποιεῖν
676 453 758 506 ταῦτα
777 450 902 506 κινεῖσθαι
920 450 961 505 καί
981 450 1155 525 φθέγγεσθαι.
1177 448 1218 505 ὅτι

118 550 146 604 δι’
160 550 267 604 ε’κινεῖτα
281 551 323 604 καὶ
335 546 420 623 προΐει
433 549 523 621 φανὴν
535 549 613 606 αὐτός
626 570 656 603 τε
670 549 809 621 Εὐριπίδης
822 549 850 603 ε’ν
867 548 998 622 Εὐρυσθεῖ
1009 549 1082 622 λέγει

204 644 269 708 Οὐκ
284 644 378 722 ἔστιν,
393 641 417 706 ὦ
431 645 543 725 γεραιὲ,
559 642 599 722 μὴ
614 644 714 722 δείσῃς
727 641 808 706 τάδε·

204 749 242 810 τδ
257 745 424 810 Δαιδάλεια
435 744 533 809 πάντα
548 751 695 810 κινεῖσθαι
708 749 792 809 δοκεῖ

204 848 315 929 βλέπει
329 847 354 910 τ’
370 846 518 928 ἀγάλμαθ’
523 870 531 887 ·
556 846 604 913 ὧδ’
621 848 695 929 ἀνὴρ
711 854 806 915 κεῖυος
821 848 927 928 σοφός.

117 955 217 1013 Tzetz.
233 953 357 1011 Chiliad.
372 954 397 1019 1,
413 952 482 1028 518.
504 953 665 1011 secundum
681 966 711 1012 et
726 953 844 1011 tertium
858 971 977 1010 versum
996 951 1089 1018 affert,
1105 951 1219 1010 Platoni

119 1052 232 1110 comico
248 1070 298 1108 eos
312 1051 452 1110 tribuens.

159 1251 319 1308 Athenaeus
332 1249 387 1306 XI.
404 1269 433 1325 p.
445 1254 504 1326 498
520 1272 545 1311 e.
561 1166 700 1326 Εὐριπίδ9ης
713 1251 736 1307 δ’
750 1251 880 1322 Εὐρυσθεῖ
892 1249 1032 1322 ἀρσενικῶς
1044 1249 1096 1321 ἔφη
1112 1255 1132 1278 “
1145 1246 1217 1310 Σκύ-

120 1360 140 1382 “
157 1358 214 1432 φας
229 1377 262 1414 τε
276 1350 417 1434 μακρός.”
440 1355 519 1412 Hinc
533 1354 666 1412 Eustath.
682 1372 711 1428 p.
731 1367 817 1428 1775,
836 1369 881 1428 19.

161 1556 263 1632 Steph.
279 1557 350 1634 Byz.
362 1576 389 1615 v.
399 1558 610 1634 Τάρταρος.-Ὀ
624 1490 733 1632 οἶιῖηῗωρ
746 1561 897 1632 Ταρτάριος,
909 1561 950 1613 καὶ
960 1559 1003 1613 διὰ
1013 1560 1058 1628 τῆς
1072 1559 1095 1612 εἶ
1107 1558 1219 1630 διφθύγ-

120 1677 169 1727 γον
183 1656 322 1728 Εὐριπίδης
333 1657 360 1711 ε’ν
372 1657 503 1731 Εὐρυσθεῖ
513 1659 652 1731 σατυρικῷ.

581 1887 760 1946 ΘΗΣΕΎΣ.

167 2090 264 2148 Schol.
280 2090 367 2148 Arist.
381 2090 455 2147 Ran.
471 2090 540 2165 476.
561 2091 591 2146 ‘0
606 2023 686 2148 τύποις
699 2090 775 2148 αὐτος
785 2093 855 2164 παρὰ
868 2092 901 2146 τὰ
914 2091 943 2145 ἐν
956 2093 1039 2160 θησεῖ
1052 2091 1193 2165 Εὐριπίδου

207 2185 293 2268 Κάρα
307 2211 340 2248 τε
355 2186 414 2268 γάρ
429 2211 485 2250 σου
497 2192 617 2269 αυγχεῶ
633 2187 734 2265 κόμαις
748 2187 831 2264 ὁμοῦ·

206 2289 287 2369 ῥανῶ
301 2313 334 2352 τε
348 2286 450 2352 πεδόσ’
468 2286 651 2370 ἐγκέφαλον,
667 2287 807 2368 ὀμμάτων
821 2285 846 2351 δ’
863 2288 921 2351 ἄπο

208 2392 388 2471 οἱμοαταγεῖ
398 2394 548 2472 πρηστῆρε
561 2391 720 2473 ῥεύσονται
735 2389 822 2454 κάτω.

163 2595 261 2654 Schol.
276 2597 365 2654 Arist.
381 2598 457 2655 Ran.
473 2599 544 2672 478.
566 2527 698 2672 Ταρτησαῖα
717 2597 845 2672 μύραιναι
868 2595 978 2670 μύραινα
996 2598 1093 2669 δαίμων
1106 2600 1220 2671 φοβερὰ,

121 2698 191 2769 παρὰ
203 2699 234 2750 τὸ
247 2694 385 2768 μύρεσθαι.
406 2697 477 2768 παρὰ
490 2697 522 2750 τὰ
536 2697 564 2750 ἐν
578 2699 661 2766 θησεῖ
674 2696 824 2768 Εὐριπίδου.
840 2706 870 2752 et
884 2695 971 2770 paulo
984 2707 1060 2770 post,
1075 2697 1135 2751 ἔστι
1148 2698 1177 2752 δι’
1190 2699 1223 2752 τὰ

122 2795 150 2848 ἐν
164 2795 248 2862 θησεῖ
259 2795 415 2863 πεποιημένα
429 2793 567 2866 Εὐριπίδη.
588 2794 639 2848 ε’κεῖ
651 2794 702 2866 γὰρ
722 2796 839 2851 τοιοῦτός
855 2795 929 2848 εὀτιν
950 2794 1099 2866 Εὐριπίδης,
1113 2791 1168 2852 οἶος
1181 2796 1221 2849 ἐν·

121 2891 203 2945 ταῦθα
225 2889 331 2957 παίζων.
366 2887 478 2947 Versus
505 2900 573 2946 sunt
598 2889 800 2965 Aristophanis
827 2904 900 2964 470.
928 2908 992 2966 sqq.
1020 2908 1055 2947 ex
1084 2890 1221 2966 Euripide

122 2986 242 3061 sumpti.

164 3184 264 3243 Schol.
278 3183 368 3242 Arist.
383 3183 473 3261 Vesp.
489 3203 556 3259 312.
581 3118 726 3262 Πράγρῖατα
741 3189 861 3244 νύσκιινι
884 3189 995 3261 δλύγος
1007 3187 1036 3242 ι’κ
1050 3189 1157 3258 θησέιις
1170 3190 1221 3242 Εὐ-

122 3285 235 3357 ριπίδου.
257 3285 310 3338 ε’κεῖ
323 3285 374 3355 γὰρ
385 3287 466 3339 ταῦτα
478 3285 603 3358 λέγουσιν
618 3288 643 3340 οί
658 3288 809 3356 ταττόμενοι
826 3287 916 3343 παῖδες
933 3287 971 3343 είς
987 3285 1070 3358 βορδν
1086 3287 1124 3360 τῷ
1137 3292 1223 3338 Mavo-

123 3378 261 3456 κενταύρῳ.
281 3381 313 3434 τδ
327 3380 356 3434 δὲ
371 3382 429 3451 ἑξῆς
442 3382 484 3446 τδ,
498 3381 635 3451 Ἀνόνητον
647 3382 707 3454 ἄρα,
719 3382 899 3438 Ἱππόλυτοςδ
913 3383 998 3454 λύγον
1010 3383 1063 3436 ε’κεῖ

207 3473 374 3553 Ἀνόνητον
388 3474 520 3556 ἄγαλμα,
536 3474 639 3557 πάτερ,

209 3580 317 3641 οἴκοισι
331 3578 435 3640 τεκιύν.

123 3680 210 3751 Quod
224 3682 320 3758 primo
332 3683 399 3740 loco
413 3701 480 3740 cum
495 3683 608 3741 Theseo
622 3693 817 3759 comparatur,
826 3682 943 3742 videtur
952 3683 1100 3758 pertinere
1111 3682 1147 3740 ad
1158 3702 1221 3740 ver·

123 3798 188 3836 sum
203 3795 275 3853 311.

207 3875 250 3938 Τί
260 3898 298 3953 με
313 3874 384 3953 δῆτ’,
400 3872 424 3936 ὦ
437 3873 534 3953 μελέα
546 3878 647 3955 μῆτερ,
663 3874 783 3942 ἔτικτες.

162 4080 334 4139 Plutarchus
348 4081 455 4139 Moral.
471 4101 499 4158 p.
519 4100 573 4139 ιτα
590 4082 618 4140 d.
656 4013 785 4139 galenus
799 4081 857 4138 vol.
871 4080 910 4143 V.
924 4101 954 4157 p.
970 4082 1039 4154 418.
1062 4081 1108 4140 ed.
1124 4081 1222 4139 Kiihn.

120 4178 151 4234 '0
165 4179 235 4251 παρδ
248 4184 285 4254 τῷ
298 4181 425 4253 Εὐριπίδη
441 4180 669 4252 θησεύς-φησὶν

206 4271 288 4354 Ἐγιδ
303 4276 336 4337 δὲ
351 4278 437 4337 τούτο
452 4277 533 4355 παρὰ
549 4277 649 4355 σοφοῦ
662 4272 743 4340 τινὸς
756 4273 860 4352 μαθὼν
