2850 4898
507 275 850 335 ΑΠΟΣΠΑΣΜΑΤΙΑ.
1164 272 1225 342 911

661 461 697 527 13

170 547 328 604 Athenaeus
342 545 424 604 XIV.
439 565 469 621 p.
486 545 545 620 640
560 565 588 604 a.
609 549 743 604 Πολλάκις
760 544 815 613 οὖν,
829 548 864 604 ὠς
877 549 953 619 ἔφην,
969 551 1021 602 τῶν
1034 545 1158 602 τοιούτων
1170 547 1230 618 ἡμῖν

129 647 337 717 παρεπιθεμένων
349 645 585 718 ἐπιδορπισμάτων,
600 646 652 717 ἔφη
666 668 706 702 τις
719 650 771 700 τῶν
783 649 919 718 παρόντων

211 745 243 798 A!
256 741 374 816 δετπεραί
387 765 441 799 πως
455 743 594 816 φροντίδες
608 745 768 816 σοφώτεραι.

211 839 238 895 τί
249 841 301 913 γάρ
313 841 389 895 ποθεῖ
401 841 531 912 τράπεζας
553 844 591 915 τῷ
604 840 627 895 δ’
642 842 672 895 οὗ
686 842 821 914 βρίθεταις

210 935 311 1009 πλήρης
324 937 371 1006 μέν
384 935 461 1007 ὄψων
474 936 594 999 ποντίων,
608 938 714 1009 πάρεισι
729 936 758 990 δέ

210 1037 319 1106 μόσχων
332 1056 361 1088 τε
375 1034 444 1107 σάρξ
454 1035 553 1106 τέρεινα
566 1035 654 1104 χηνεία
667 1057 696 1089 τε
707 1035 763 1092 δαῖς

210 1134 252 1187 καί
266 1135 351 1188 πεπτὰ
365 1133 406 1186 καί
419 1133 540 1204 κροτητὰ,
555 1134 601 1200 τῆς
615 1133 791 1207 ξουθοπτέρου

210 1232 314 1305 πελάνῳ
325 1230 456 1301 μελίσσης
468 1229 589 1300 ἀφθόνως
603 1230 749 1299 δεδευμένα.

130 1327 169 1387 V.
185 1343 212 1403 5,
228 1326 257 1383 6.
280 1326 452 1384 Plutarchus
466 1326 571 1383 Moral.
587 1345 616 1401 p.
637 1342 711 1400 1097
727 1326 757 1384 d.

663 1456 702 1516 14

170 1541 298 1600 Achilles
311 1540 412 1598 Tatius
424 1542 484 1610 περὶ
497 1543 614 1613 σφαίρας
625 1540 657 1597 in
672 1541 781 1598 petavii
799 1542 957 1620 Uranolog.
973 1563 1002 1619 p.
1024 1562 1088 1602 ιον.
1112 1561 1178 1617 140.

211 1640 304 1710 Δείξας
316 1639 367 1711 γάρ
380 1638 484 1710 άατρων
497 1639 544 1708 τήν
558 1640 673 1694 ε’ναντίαν
687 1640 748 1694 όδδν

212 1736 307 1807 δήμους
320 1734 343 1789 τ’
359 1737 450 1790 ἔσωσα
463 1736 504 1790 καί
518 1734 642 1809 τῦραννος
651 1738 747 1806 ίζόμην.

132 1833 176 1891 Cf.
192 1832 298 1891 Strabo
313 1832 336 1889 Ι.
352 1851 381 1907 p.
397 1850 434 1907 43
452 1851 479 1890 a.

664 1961 700 2028 ¹5

172 2034 295 2091 Aristot.
311 2034 396 2090 Rhet.
412 2032 454 2098 ΙΙ,
473 2050 487 2088 α
492 2049 520 2106 3.

216 2126 304 2192 Ἀλλ’
320 2131 402 2209 είπερ
417 2127 501 2191 ἔστὶν
516 2128 550 2190 ἓν
563 2132 684 2207 βροτοῖς
698 2131 898 2209 ψευδηγορεῖν

188 2314 190 2316 ¹
217 2230 353 2304 πιθανὸν,
371 2232 499 2310 νομίζειν
512 2230 570 2314 χρή
585 2255 621 2312 γε
637 2231 684 2293 καὶ
698 2229 882 2302 τούναντίον,

217 2330 316 2397 ἄπιστ’
332 2334 429 2412 άληθῆ
442 2336 544 2396 πολλὰ
559 2333 737 2411 συμβαίνειν
751 2336 880 2412 βροτοῖς.

132 2438 182 2495 ubi
204 2437 360 2495 scholiasta
381 2436 427 2494 ed.
450 2437 539 2494 Paris.
558 2451 644 2511 1539.
666 2435 715 2493 fol.
737 2453 786 2510 43.
807 2453 883 2492 vers.
909 2453 955 2510 οη.
990 2438 1130 2510 Εὐριπίδου
1150 2439 1231 2492 ταῦτα

132 2537 201 2606 φησί
213 2537 279 2608 πρός
291 2537 338 2590 τὸν
352 2537 479 2603 Θυέστην·
501 2533 529 2591 δς
539 2536 620 2589 ταῦτά
633 2535 702 2606 φησι
716 2535 782 2607 πρός
793 2535 840 2589 τόν
847 2534 948 2607 Ἀτρέα,
959 2536 1005 2589 τόν
1015 2535 1132 2607 άδελφδν
1141 2536 1229 2591 αὐτοῦ.

595 2749 767 2808 ΚΡΗΤΕΣ.

175 2866 218 2923 De
230 2877 401 2944 argumento
416 2864 520 2922 fabulae
532 2865 620 2922 schol.
633 2865 780 2941 Aristoph.
795 2866 870 2924 Rau.
887 2866 954 2939 873.

175 3066 273 3123 Schol.
288 3064 438 3140 Aristoph.
454 3064 528 3120 Ran.
546 3063 630 3138 1398.
645 2996 690 3120 ad1
703 3063 793 3120 verba
812 3064 887 3120 Ἀλλ’
902 3060 923 3119 δ
943 3065 1130 3138 Κρήτεε,”1δης
1147 3067 1231 3130 τέκνα,

133 3164 166 3217 τά
179 3165 243 3234 τόξα
255 3164 382 3227 λαβόντες
396 3159 549 3232 έπαμῦνατε,
564 3170 697 3226 annotat,
712 3164 798 3216 Ταῦτα
811 3162 840 3216 δέ
852 3163 922 3235 παρά
938 3162 971 3216 τά
991 3162 1018 3216 ές
1035 3167 1142 3234 Κρητῶν
1154 3164 1232 3236 Εὗρε·

133 3261 220 3317 πίδου.

675 3386 693 3431 2

175 3460 350 3537 Porphyrius
372 3460 408 3517 de
425 3457 602 3515 abstinentia
616 3456 668 3521 IV,
690 3473 732 3530 ¹9·
747 3475 777 3531 p.
798 3472 863 3529 ¹72·
886 3461 985 3530 Μικροῦ
1003 3481 1035 3528 με
1055 3460 1172 3530 παρῆλθε
1193 3463 1233 3515 καὶ

134 3562 165 3614 τό
179 3560 342 3632 Εὐριπίδειον
354 3556 525 3630 παραθέσθαι,
540 3553 569 3611 δς
582 3555 642 3610 τοὺς
655 3555 683 3608 ἐν
697 3555 784 3628 Κρήτη
799 3559 846 3610 τοῦ
861 3556 923 3612 Διός
939 3556 1077 3629 προφήτας
1089 3558 1235 3631 ἀπέχεσθαί

134 3658 203 3729 φησι
217 3658 260 3712 διό
272 3655 381 3712 τούτων.
402 3656 513 3727 λέγουσι
527 3654 556 3708 δὲ
569 3656 594 3706 οί
607 3654 671 3708 κατὰ
684 3655 731 3708 τὸν
743 3656 824 3727 χορόν
837 3656 903 3727 πρὸς
917 3653 990 3708 Μίνω

221 3752 449 3832 Φοινικογενοῦς
463 3752 520 3811 παῖ
530 3750 581 3825 τῆς
594 3748 704 3827 Τυρίας

220 3852 326 3916 τέκνον
340 3852 483 3932 Εὐρώτας
498 3850 544 3913 καὶ
559 3854 612 3912 τοῦ
624 3849 758 3929 μεγάλου

223 3954 329 4028 Ζανὸς,
346 3954 488 4018 ἀνάσσων

223 4056 336 4138 Κρήτης
351 4053 644 4135 ἑκατομπτολιέθρου,

222 4160 281 4238 ήκω
296 4158 416 4235 ζαθέους
432 4158 519 4224 ναοὺς
532 4157 696 4238 προλιπὼν,

224 4262 274 4330 οὓς
289 4261 443 4343 αὐθιγενὴς
457 4264 601 4339 τμηθεῖσα
616 4258 718 4323 δοκοὺς
