2850 4898
195 279 259 345 970
641 280 869 340 Erplssloffr

238 537 372 595 Stobaeus
388 536 438 592 60.
453 553 482 610 p.
499 534 567 608 384.
731 462 767 527 17

284 635 437 693 Πολλοῖσι
452 631 569 695 δούλοις
583 626 700 707 τοῦνομ’
717 627 854 710 οίσχρδν,
868 627 887 706 ἡ
901 628 934 690 δὲ
949 625 1028 708 φρὴν

285 738 343 796 τῶν
359 732 427 815 οὐχὶ
442 734 557 795 δούλων
575 730 637 795 ἔστ’
654 729 881 812 ε’λευθερωτέρα.

240 940 369 1004 Photius,
388 941 504 1011 Πώγωνα
523 940 624 1010 πυρόςι
647 939 694 1008 τὴν
713 849 847 1011 ἂίιαὸφορὰν
865 941 913 992 τοῦ
932 939 1023 1009 πυρός.
1044 935 1184 1008 Εὐριπίδης
1204 933 1304 1009 Φρίξῳ.

200 1038 267 1095 Huc
282 1036 408 1112 respexit
422 1035 522 1092 Pollux
538 1034 578 1101 ll,
595 1033 642 1090 88.

625 1261 876 1319 ΧΡΤΣΙΠΠΟΣ.

242 1388 276 1446 In
299 1387 461 1466 Agathonis
485 1387 607 1464 gratiam
633 1387 803 1464 trogoediom
826 1387 963 1461 scriptam
987 1403 1049 1442 esse
1072 1394 1173 1441 narrat
1190 1383 1305 1440 AElian.

200 1487 239 1544 V.
250 1487 289 1544 H.
306 1485 345 1551 ll,
363 1503 411 1542 αι.

746 1598 758 1640 l

243 1671 335 1728 Clem.
350 1669 431 1725 Alex.
446 1666 555 1725 Strom.
572 1665 610 1722 ll.
625 1685 653 1742 p.
669 1666 728 1740 388
751 1666 779 1723 b.
799 1666 844 1723 ed.
867 1664 950 1741 Sylb.
985 1663 1016 1720 ‘0
1039 1667 1088 1735 μὲν
1111 1665 1189 1722 Δόῖος
1208 1664 1308 1720 ἐκεῖνος

202 1771 267 1823 κατὰ
280 1770 327 1838 τὴν
340 1767 484 1841 τραγῳδίαν
498 1767 582 1837 φησὶν

287 1861 424 1940 Λέληθεν
438 1861 525 1923 οὐδὲν
539 1858 632 1922 τῶνδέ
645 1859 675 1937 μ’
691 1860 732 1921 ὦν
747 1858 786 1921 σὺ
800 1861 957 1929 νουθετεῖς,

287 1968 407 2047 γνώμην
423 1964 447 2027 δ’
464 1961 574 2046 ἔχοντά
585 1964 617 2041 μ’
633 1963 651 2041 ἡ
666 1964 756 2044 φύσις
769 1959 912 2040 βιάζεται.

243 2170 387 2227 Plutarch.
404 2170 510 2227 Moral.
526 2190 555 2245 p.
571 2169 631 2241 446
643 2188 668 2226 a.
691 2173 722 2224 Al
736 2099 763 2225 δαί
777 2172 823 2240 τῆς
833 2170 957 2242 ἀκρασίας
969 2166 1083 2240 (φωναὶ)
1096 2168 1200 2240 γνώμην
1210 2168 1309 2238 ἔχοντά

202 2266 229 2338 μ’
243 2268 258 2336 ἡ
273 2267 356 2339 φύσις
368 2269 494 2334 βιάζεται,
511 2269 551 2320 καί

290 2363 368 2433 Alai,
385 2360 444 2424 τόδ’
460 2361 513 2441 ἤδη
529 2366 610 2424 θεῖον
626 2362 789 2442 ἀνθρώποις
805 2361 905 2436 κακὸν,

290 2463 362 2524 ὅταν
376 2488 419 2528 τις
435 2465 495 2541 εἰδῇ
511 2462 652 2544 τάγαθὸν,
670 2468 776 2545 χρῇται
791 2467 823 2527 δὲ
837 2465 887 2545 μή.

205 2575 224 2598 “
240 2566 322 2623 Idem
338 2578 383 2623 est
397 2567 473 2642 apud
489 2567 638 2624 Stoboeum
654 2583 681 2643 5.
697 2588 724 2644 p.
740 2569 788 2642 63.
802 2570 854 2627 ubi
872 2569 925 2626 τόδ’
940 2572 987 2641 ἤδη
1006 2571 1074 2626 θεῖον
1086 2568 1194 2648 legitur
1206 2585 1261 2643 pro
1274 2569 1309 2622 τὸ

204 2666 235 2734 δὴ
250 2665 328 2729 θεῖον,
344 2674 378 2719 ut
399 2676 443 2720 est
465 2665 553 2720 etiam
575 2666 651 2740 opud
670 2667 857 2724 Plutarchum
871 2668 978 2726 Morol.
992 2686 1022 2743 p.
1039 2685 1075 2742 33
1092 2685 1116 2724 e.
1138 2665 1309 2739 Utrumque

204 2762 301 2819 locum
317 2779 351 2818 ex
365 2761 511 2836 Euripidis
526 2761 689 2838 Chrysippo
711 2781 774 2820 esse
795 2764 945 2838 probabile
966 2765 1000 2821 fit
1019 2764 1085 2822 loco
1099 2761 1216 2820 Alcinoi
1231 2761 1309 2841 long.

204 2859 235 2916 in
250 2858 323 2915 Plot.
339 2877 365 2915 c.
381 2875 426 2931 24.
438 2877 466 2934 p.
481 2875 529 2933 52.
545 2859 590 2917 ed.
606 2860 700 2918 Oxou.
716 2861 805 2919 citato
820 2881 838 2918 α
851 2862 995 2922 Valcken.
1010 2882 1039 2939 p.
1054 2861 1120 2920 22.”
1141 2860 1308 2918 errnra.

247 3051 382 3110 Stobaeus
397 3052 446 3123 64.
462 3070 491 3127 p.
507 3071 576 3128 409.
743 2986 762 3051 3

292 3149 396 3226 Γνώμη
412 3150 509 3229 σοφός
522 3175 573 3227 μοι
588 3149 635 3212 καὶ
649 3147 712 3232 χέρ’
730 3151 868 3231 ἀνδρείαν
883 3151 975 3233 ἔχειν·

292 3253 462 3334 δύσμορφος
477 3255 540 3331 εἵην
554 3250 705 3332 μᾶλλονῆ
721 3253 811 3320 καλὸς
827 3255 922 3320 κακός.

746 3404 768 3462 4

248 3468 382 3526 Stobaeus
400 3487 466 3543 ¹03·
481 3489 511 3545 p.
528 3470 596 3544 560.

289 3561 334 3626 Ὠ
349 3562 481 3640 δέσποτ’,
497 3564 592 3632 οὐδεὶς
606 3565 686 3628 οἶδεν
701 3566 854 3647 ἅνθρωπος
870 3567 966 3648 γεγὼς

295 3663 354 3730 οὔτ’
371 3666 510 3749 εὐτυχοῦς
525 3667 648 3747 ἀριθμὸν
663 3669 731 3731 οὔτε
746 3673 917 3751 δυστυχοῦς.

249 3897 394 3957 Plutarch.
408 3896 513 3953 Moral.
529 3916 559 3973 p.
577 3912 592 3970 7
597 3914 634 3972 50
649 3917 676 3953 a.
705 3900 737 3953 Τί
745 3813 796 3954 {rix
809 3901 840 3955 ἅν
856 3922 895 3958 τις
915 3901 1129 3973 προσδοκὴσειεν,
1143 3901 1166 3954 εί
1179 3901 1221 3955 καὶ
1233 3907 1312 3973 Πρυ-

208 3999 313 4069 τογένης
333 3998 409 4067 ἔρωτι
428 3994 586 4064 πολεμήσων
605 3998 742 4068 πάρεστιν,
758 3993 779 4073 ᾧ
800 4001 842 4052 καί
861 3999 950 4053 παιδιὰ
971 4002 1045 4053 πᾶσα
1065 4000 1106 4053 καὶ
1127 3997 1229 4066 σπονδὴ
1250 3999 1312 4071 περὶ

208 4096 292 4167 ἔρωτα
304 4095 345 4148 καὶ
357 4091 388 4147 δι’
403 4093 498 4163 ἔρωτος
511 4093 578 4163 λήθη
592 4094 639 4163 μὲν
652 4095 748 4166 λόγων,
760 4094 827 4163 λήθη
839 4096 867 4148 δὲ
878 4097 976 4168 πάτρας
989 4096 1038 4166 οὐχ
1053 4096 1087 4152 ὣς
1100 4098 1137 4170 τῷ
1152 4091 1220 4168 λαίφ
1233 4096 1312 4149 πέντε

208 4195 287 4263 μόνον
302 4191 400 4261 ἡμερῶν
414 4189 537 4260 ἀπέχοντι
553 4192 597 4258 τῆς
612 4192 719 4262 πάτρος.
750 4192 838 4249 Hunc
851 4193 950 4249 locum
965 4192 1151 4270 Musgmvius
1165 4191 1201 4248 ad
1216 4190 1311 4266 Chry-

210 4289 324 4363 sippum
339 4284 447 4342 retulit.
