2850 4898
209 281 274 350 892
652 285 881 344 ΕΥΡΙΠΙΔΟΥ

745 470 784 529 Ῑ4

249 551 376 630 Etymol.
386 556 429 612 M.
445 575 474 632 p.
495 574 504 612 1
511 571 526 630 5
530 573 560 629 3,
572 574 622 630 31.
642 556 758 613 Ἀσιιῖτις
770 578 776 612 :
799 557 923 614 Ἀσιάδος
933 555 1065 630 κροῦμστα
1077 559 1124 626 τῆς
1136 557 1252 627 κιθάρας.
1267 555 1313 612 οῦ-

209 672 260 708 τως
278 651 470 725 Ἀριστοφάνης
486 653 615 726 (Thesm.
632 653 715 730 126.)
737 649 803 717 εῖπε,
818 656 945 730 παρῳδῶν
957 656 989 710 τό
1003 656 1034 726 ἐξ
1045 653 1189 728 Ἐρεχθέος
1202 655 1314 728 Εὖριπί·

211 749 267 807 δου.
289 749 452 824 ήτρίχορδος
465 753 557 824 κιθάρα
569 751 636 807 οὕτω
650 755 774 808 καλείτω.

740 895 777 961 ¹5

250 964 365 1032 Suidas,
380 966 556 1025 Ἀνάστατοιε
588 966 755 1023 πλακούντων
775 962 921 1024 είδος.-αί
941 967 970 1022 δέ
991 969 1100 1036 σελήναι
1117 967 1239 1036 πέμματά
1259 969 1315 1022 εῖσι

208 1067 308 1121 πλατέα
321 1068 470 1137 κυκλοτερῆ·
491 1068 599 1121 πελανοι
615 1067 643 1121 δέ
663 1068 696 1120 τά
714 1067 751 1123 είς
769 1066 844 1122 θεαῦς
861 1066 1076 1136 πέμματα-καί
1093 1065 1122 1119 έν
1134 1063 1254 1138 Ἐρεχθεῖ
1265 1066 1315 1122 τάς

209 1162 321 1233 σελήνας
333 1165 462 1219 πελάνους
471 1161 570 1236 ε’ίρηκεν
583 1164 723 1235 Εὐριπίδης

296 1256 357 1319 Καί
368 1281 427 1334 μοι,
443 1256 540 1319 πολὺν
554 1259 612 1338 γὰρ
626 1256 760 1320 πέλανον
776 1253 933 1334 ἐκπέμπεις
946 1257 1056 1334 δόμων,

295 1357 416 1440 φράσον
431 1357 560 1437 σελήνας
574 1358 666 1423 τάσδε
680 1359 805 1439 πυρίμαυ
819 1358 920 1440 χλόης.

209 1477 319 1536 Eadem
334 1479 472 1556 leguntur
483 1497 504 1535 ι.
516 1497 544 1535 v.
554 1482 671 1549 σελῆνοι.
694 1478 729 1534 V.
747 1495 773 1534 2.
788 1479 897 1551 πυρίνου
910 1478 1051 1554 Τουρίαι.

741 1606 779 1669 16

264 1693 378 1760 ὃαίόαε,
403 1698 469 1751 Βοῦς
482 1693 606 1765 ε’βδομαετ
629 1697 749 1765 πέμματα
762 1695 855 1766 κέρατα
871 1696 965 1765 έχοντα
983 1695 1047 1748 κατά
1059 1695 1168 1765 μίμησιν
1179 1695 1227 1763 τής
1241 1714 1315 1766 προι-

208 1796 324 1865 τοφαοῦς
337 1791 456 1861 σελήνης.
477 1793 585 1847 ἐκάλουν
603 1792 632 1845 δέ
652 1792 730 1846 αὐτὸν
742 1795 808 1858 βοῦν
825 1792 1009 1864 προστιθέντες
1021 1793 1062 1846 καί
1075 1792 1106 1845 τδ
1120 1791 1241 1861 ἕβδομον,
1256 1792 1314 1847 ἐπεί

209 1891 252 1945 ἐπὶ
266 1889 295 1962 ἐξ
308 1892 364 1947 ταῖς
377 1889 500 1958 σελήναις
513 1887 635 1944 ἐπεθόετο
648 1883 726 1946 οῦτος
739 1889 858 1959 ἕβδομος.
879 1890 973 1959 ὁμοίως
986 1890 1015 1944 δέ
1029 1891 1055 1944 αῖ
1068 1892 1176 1958 σελήναι
1189 1890 1314 1960 πέμματα

209 1992 308 2044 πλατέα
322 1991 472 2060 κυκλοτερῆ,
487 1985 504 2042 ά
522 1991 562 2043 καί
576 1986 657 2044 οὕτως
674 1989 791 2042 ἐκάλουν.
811 1989 870 2042 ἐστι
887 1988 916 2042 δέ
929 1988 999 2060 παρά
1012 1986 1138 2060 Εὐριπίδη
1152 1987 1180 2042 έν
1192 1985 1314 2060 Ἐρεχθεῖ

209 2087 251 2141 καί
263 2085 324 2160 παρ’
336 2085 434 2161 Ἀχαιῷ
442 2087 470 2141 ἐν
478 2084 564 2159 Ἰριδι.

739 2231 775 2295 ¹7

249 2301 401 2378 Lycurgus
416 2298 480 2357 adv.
492 2302 626 2359 Leocrat.
641 2321 670 2378 p.
690 2302 752 2367 160,
765 2320 792 2376 9.
805 2301 850 2359 ed.
861 2301 899 2358 H.
911 2299 1014 2377 Steph.
1025 2300 1083 2356 vol.
1091 2299 1145 2356 111.
1161 2319 1188 2375 p.
1200 2298 1314 2355 261.-

212 2398 278 2472 264.
293 2398 338 2456 ed.
354 2399 478 2456 Bekker.
493 2402 576 2455 Φασίν
590 2404 730 2470 Εὔμολπον
743 2401 789 2454 τὸν
797 2401 961 2456 Ποσειδῶνος
971 2400 1012 2453 καὶ
1024 2401 1117 2467 Χιόνης
1129 2399 1194 2468 μετά
1203 2403 1314 2470 θρηικεῦν

208 2498 296 2553 έλθεῖν
308 2500 354 2567 τῆς
367 2499 453 2571 χώρας
460 2496 554 2568 ταύτης
561 2498 789 2571 ἀμφισβητοῦντα,
800 2501 888 2569 τυχεῖν
898 2498 926 2552 δέ
937 2496 991 2552 κατ’
1002 2496 1112 2553 ἐκείνους
1125 2496 1186 2553 τοῦς
1198 2498 1313 2568 χρόνους

208 2596 384 2662 βασιλεύοντα
397 2598 532 2670 Ἐρεχθέα,
552 2600 659 2670 γυναῖκα
680 2599 774 2667 ἔχοντα
793 2596 940 2668 Πραξιθέαν
959 2596 1006 2664 τήν
1026 2596 1150 2666 Κηφισοῦ
1170 2595 1311 2666 θυγατέρα,

208 2697 324 2767 μεγάλου
338 2696 366 2750 δέ
381 2695 560 2767 στρατοπέδου
569 2696 713 2765 μελλοντος
726 2696 813 2751 αὐτοῖς
821 2694 974 2759 εἰσβάλλειν
985 2694 1021 2749 είς
1030 2693 1077 2761 τήν
1086 2693 1183 2765 χώραν,
1195 2692 1232 2748 είς
1242 2694 1311 2746 Δελ-

208 2793 277 2864 φοὺς
291 2793 336 2846 ἐὼν
349 2791 434 2866 ήρόντα
447 2794 493 2847 τόν
507 2793 574 2857 θεὸν,
590 2793 617 2847 τί
625 2797 706 2846 ποιῶν
719 2789 750 2847 δν
764 2793 833 2862 νίκην
846 2793 925 2857 λάθοι
938 2791 1008 2863 παρὰ
1020 2794 1073 2844 τῶν
1081 2789 1223 2860 πολεμίων.
1245 2788 1311 2861 χρή-

209 2910 303 2945 σαντος
315 2887 338 2943 δ’
346 2890 415 2964 αὐτῷ
426 2892 473 2944 τοῦ
487 2889 556 2953 θεοῦ,
567 2889 613 2958 τήν
627 2890 755 2962 θυγατέρα
768 2889 791 2942 εί
805 2887 894 2944 θύσειε
907 2891 959 2960 πρά
967 2889 1015 2941 τοῦ
1023 2889 1171 2958 συμβαλεῖν
1180 2887 1217 2941 τὸ
1228 2908 1311 2959 στρα·

208 2987 318 3050 τοπέδω,
334 2987 471 3059 κρατήσειν
483 2991 535 3040 τῶν
553 2986 694 3056 πολεμίων,
710 2988 724 3039 ό
743 2986 771 3040 δέ
789 2989 826 3060 τῷ
842 2986 891 3060 θεῷ
908 2985 1060 3054 πειθόμενος
1076 2982 1147 3039 τοῦτ’
1160 2986 1255 3056 ἔπραξε
1269 2987 1312 3039 καῖ

209 3084 270 3141 τοῦς
284 3085 546 3155 ἐπιστρατευομένους
561 3083 589 3137 ἐκ
605 3084 650 3152 τῆς
668 3084 754 3155 χώρας
773 3082 891 3152 ἐξέβαλε.
914 3083 954 3137 διδ
968 3082 1009 3136 καὶ
1023 3082 1124 3139 δικαίως
1137 3082 1168 3136 άν
1181 3104 1220 3139 τις
1234 3083 1312 3154 Εῦρι-

210 3181 287 3248 πέδην
301 3182 466 3245 έπαινέσειεν,
481 3179 522 3234 ὅτι
535 3181 568 3233 τά
581 3200 610 3232 τε
628 3177 688 3232 ἄλλ’
702 3179 737 3232 δν
754 3177 849 3251 άγαθός
865 3178 972 3247 ποιητής
992 3179 1034 3232 καί
1053 3182 1146 3232 τοῦτον
1164 3179 1210 3232 τόν
1227 3178 1313 3248 μῦθον

208 3278 345 3350 προείλετο
352 3279 469 3345 ποιήσαι,
481 3275 621 3349 ήγοῦμενας
632 3276 775 3329 κάλλιστον
785 3271 817 3328 άν
825 3274 947 3347 γενέσθω
956 3277 1010 3330 τοῖς
1020 3274 1139 3331 πολίταις
1148 3274 1313 3347 παράδειγμα

207 3376 255 3432 τὰς
269 3374 368 3429 ἐκείνων
381 3376 497 3448 πράξεις,
512 3374 577 3445 πρὸς
590 3371 620 3430 άς
633 3372 830 3438 ἀποβλέποντας
840 3372 880 3427 καὶ
891 3372 1050 3445 θεωροῦντας
1060 3371 1241 3438 συνεθίζεσθαι
1253 3374 1313 3429 ταῖς

208 3473 310 3544 ψυχαῖς
322 3475 353 3527 τό
367 3474 414 3544 τήν
426 3474 538 3545 πατρίδα
551 3473 648 3543 φιλεῖν.
669 3471 743 3541 άξιον
756 3471 784 3525 δέ
799 3471 904 3524 καὶτῶν
918 3469 1040 3540 ἰαμβείων
1057 3469 1176 3534 άκοῦσαι,
1190 3466 1207 3524 ά
1219 3471 1312 3526 πεποί-

208 3592 252 3639 ηκε
264 3572 396 3644 λέγουσαν
409 3572 456 3641 τήν
468 3573 565 3642 μητέρα
583 3572 629 3638 τῆς
645 3569 747 3624 παιδός·
769 3566 872 3640 ὄψεσθε
891 3568 943 3640 γάρ
959 3568 986 3622 έν
1004 3568 1092 3624 αὐτοῖς
1108 3568 1312 3640 μεγαλοψυχίαν

208 3669 248 3722 καί
262 3671 428 3741 γενναιότητα
441 3668 515 3739 ἀξίαν
528 3669 567 3722 καί
580 3669 627 3736 τῆς
640 3668 742 3722 πόλεως
754 3668 796 3720 καὶ
809 3669 856 3719 τοῦ
869 3666 991 3739 γενέσθαι
1005 3667 1129 3737 Κηφισοῦ
1142 3665 1270 3738 θυγατέρα

294 3782 356 3845 Τὰς
370 3777 493 3861 χάριτας
507 3778 589 3843 ὅστις
604 3776 730 3856 εῦγενῶς
745 3776 905 3857 χαρίζεται,

293 3883 376 3960 ἥδιον
389 3883 422 3945 ἐν
436 3885 602 3961 βροτοῖσιν·
627 3879 656 3942 οἳ
671 3880 702 3941 δέ
718 3882 809 3958 δρῶσι
822 3880 889 3957 μὲν,

294 3986 392 4069 χρόνῳ
408 3985 440 4046 δέ
456 3988 555 4064 δρῶσι,
572 3979 817 4063 δυσγενέστερον.

296 4087 354 4168 ἐγὼ
370 4088 402 4148 δὲ
417 4087 501 4148 δώσω
516 4084 570 4163 τὴν
587 4082 660 4163 ἐμὴν
674 4086 764 4145 παιδα
780 4087 907 4145 κτανεῖν·

294 4190 448 4269 λογίζομαι
463 4188 495 4249 δὲ
510 4189 623 4263 πολλὰ,
639 4191 740 4266 πρῶτα
753 4186 809 4263 μὲν
823 4185 914 4248 πόλιν

295 4291 347 4354 οὐκ
362 4290 400 4353 ἄν
414 4288 467 4353 τιν’
484 4291 581 4368 ἄλλην
595 4292 686 4366 τῆσδε
699 4289 811 4366 βελτίω
826 4293 946 4366 λαβεῖν,
