2850 4898
487 272 832 333 ΑΠΟΣΠΑΣΜΑΤΙΑ.
1142 266 1207 334 915

106 457 136 513 p.
147 439 218 513 356.
233 438 411 515 Melanippae
425 441 516 513 γέγονε
529 440 627 495 παιδία’
651 440 753 511 ἐξέθηκε
768 438 791 494 δ’
800 439 865 494 αὖτά
878 440 914 496 είς
926 441 959 494 τὰ
971 442 1019 493 τοῦ
1032 440 1129 511 πατρὸς
1142 442 1207 505 βου-

106 537 216 609 φόρβια.
238 540 253 591 ό
267 539 295 593 δέ
308 539 392 609 πατὴρ
406 538 504 611 ἡγεῖται
517 539 544 592 έκ
557 540 621 603 βοός
633 532 697 592 εἶναι
710 538 751 592 καί
764 537 798 593 ἀς
811 538 887 609 πέρας
898 535 1023 603 βούλεται
1041 539 1207 594 κατακαῦσαι.

105 635 241 703 βοηθοῦσα
253 634 317 705 αι’νεη
331 636 346 705 ἦ
361 636 514 704 Μελανίππη
525 635 717 707 ἀποφαίνεσθαι
726 637 855 707 πειρᾶται,
865 633 905 688 ὅτι
913 634 988 707 τέρας
998 634 1072 687 οὐδέν
1083 634 1206 688 έστιν-.

105 734 291 804 περιερχομένη
302 733 352 806 γὰρ
365 733 452 788 πάσας
466 733 548 789 αίτίας
557 736 605 786 ποῦ
619 735 706 786 σῶσαι
719 732 751 786 τὰ
764 732 862 797 παιδία,
872 733 946 803 λέγει
960 735 979 762 “
992 731 1023 784 Et
1037 731 1066 785 δέ
1079 732 1209 803 παρθένος

106 828 237 900 φθαρεῖσα
258 829 360 900 ἐξέθηκε
379 829 412 882 τὰ
432 829 530 895 παιδία,
552 830 594 883 καὶ
620 830 770 900 φοβουμένη
791 829 837 883 τόν
859 829 967 900 πατέρα,
990 828 1025 882 σὺ
1045 829 1128 899 φόνον
1146 828 1209 901 δρά-

107 946 163 982 σεις
173 925 198 989 ;”

147 1150 305 1226 Dionysius
314 1150 410 1209 Halic.
424 1153 483 1209 vol.
499 1152 535 1208 V.
550 1171 579 1226 p.
594 1168 610 1224 3
614 1167 630 1226 5
634 1063 666 1226 56.
685 1150 784 1224 (Diod.
800 1150 859 1209 Sic.
874 1152 897 1208 1.
913 1170 938 1208 c.
956 1169 982 1226 7.
1005 1151 1112 1209 Euseb.
1128 1150 1207 1209 RE.

107 1245 132 1303 Ι.
147 1266 176 1322 p.
193 1265 230 1304 20
246 1248 288 1321 d.)
310 1248 471 1323 Ἀναξαγόρᾳ
492 1249 704 1322 προσεφοίτησεν
724 1250 872 1322 Εὐριπίδης.
893 1248 1068 1323 Ἀναξαγόρου
1085 1250 1114 1304 δέ
1127 1252 1208 1323 λόγος

106 1347 187 1413 εστίν,
203 1345 243 1400 ὅτι
256 1348 340 1401 πάντα
353 1348 381 1401 έν
393 1349 484 1415 πᾶσιν,
499 1341 554 1402 εἶτα
568 1344 678 1419 ὕστερον
698 1347 821 1420 διεκρίθη.
842 1348 907 1419 μετά
926 1350 1007 1402 ταῦτα
1027 1349 1145 1419 ὡμίλησε
1165 1353 1208 1405 καὶ

106 1446 242 1518 Σωκράτει,
258 1446 300 1499 καὶ
312 1445 354 1499 ε’πὶ
367 1446 398 1499 τδ
411 1444 575 1518 ἀπορώτερον
587 1448 668 1517 ἤγαγε
681 1445 728 1499 τὸν
741 1447 832 1516 λόγον.
854 1446 978 1518 όρολογεῖ
989 1441 1035 1500 οὖν
1047 1446 1094 1516 τὴν
1112 1447 1206 1502 διδασ-

106 1543 197 1598 καλίαν
209 1543 257 1612 τὴν
269 1542 378 1614 ἀρχαίαν
388 1542 431 1597 διά
443 1545 489 1611 τῆς
503 1543 672 1612 Μελανίππης

195 1653 275 1717 Koba<
289 1652 359 1732 ἐμὸς
373 1654 390 1714 ὀ
404 1656 504 1732 μῦθος,
521 1651 589 1717 ἀλλ’
608 1656 677 1733 ἐμῆς
693 1651 801 1734 μητρὸς
814 1652 903 1733 πόρα,

193 1756 231 1822 ὡς
245 1754 370 1836 οὐρανός
383 1779 416 1818 τε
430 1754 501 1835 γαῖά
516 1752 540 1816 τ’
555 1754 593 1832 ἦν
607 1754 706 1835 μορφὴ
720 1754 782 1832 μία·

194 1858 258 1920 έπεὶ
273 1854 297 1918 δ’
314 1857 522 1938 ἐχωρίσθησαν
537 1855 679 1934 ἀλλήλων
694 1857 773 1938 δίχα,

193 1961 324 2022 τίκτουσι
337 1958 435 2023 πάντα
451 1957 618 2022 κάνέδωκαν
634 1959 674 2023 είς
688 1957 766 2038 φάος

193 2060 307 2143 δένδρη,
324 2064 454 2133 πετεινὰ,
471 2064 571 2141 θῆρας,
588 2061 637 2125 οὓς
651 2057 676 2122 θ’
692 2057 772 2138 ἅλμη
787 2058 902 2140 τρέφει,

192 2163 281 2243 γένος
294 2188 328 2227 τε
347 2167 469 2242 θνητῶν.

107 2293 236 2351 Primum
250 2311 368 2351 versum
381 2293 459 2351 solus
472 2292 562 2349 habet
572 2290 727 2368 Dionysius
738 2290 788 2349 sed
800 2290 938 2368 adjuncto
952 2290 1090 2348 secundo.
1120 2291 1205 2349 Hanc

107 2390 291 2466 Melanippes
302 2391 381 2463 ῥῆσιν
396 2401 535 2464 tanquam
550 2391 712 2461 παράδειγμα
724 2392 772 2444 τοῦ
787 2389 918 2461 ἀπρεποῦς
931 2389 971 2443 καί
984 2389 1019 2459 μὴ
1033 2388 1206 2462 ἁρμόττοντος

107 2487 256 2564 vituperat
269 2488 391 2545 Aristot.
406 2488 487 2544 Poe&
504 2505 529 2544 c.
549 2500 595 2559 15,
613 2487 640 2543 8.

148 2703 247 2762 Schol.
259 2703 461 2780 Aristophanis
475 2703 549 2759 Rau.
571 2720 634 2758 100.
648 2615 733 2773 {coll-
748 2699 840 2758 Suida
857 2700 887 2757 in
902 2703 1202 2774 παρακεκινδυνευμένον)

108 2804 201 2876 Αίθέρα
215 2805 277 2860 Διὸς
290 2803 435 2873 δωμάτιονι
458 2802 485 2855 έκ
500 2800 670 2868 Μελανίππης
683 2800 771 2870 σοφῆς

190 2896 324 2977 Ὀμννμι
339 2895 363 2960 δ’
381 2896 444 2978 ἱρὸν
459 2892 562 2975 αἰθέρ’,
578 2896 694 2971 οἴκησιν
710 2893 791 2957 Διός.

109 3003 158 3078 qui
172 3021 273 3061 versus
285 3001 392 3079 legitur
405 2999 481 3075 apud
496 2997 642 3072 Aristoph.
658 2996 774 3053 Tbesm.
793 3010 859 3069 279.

399 3286 659 3346 ΜΕΛΑΝΙΠΠΗ
686 3284 908 3344 ΔΕΣΜΩΤΙΣ.

150 3507 283 3564 Stobaeus
303 3525 366 3582 ¹23·
382 3527 409 3582 p.
426 3507 495 3563 616.
646 3416 664 3476 8

193 3603 235 3665 Τί
246 3601 312 3669 τοὺς
324 3604 468 3668 θανόντας
482 3603 535 3665 οὐκ
549 3603 600 3684 έᾷς
614 3601 787 3680 τεθνηκέναι

197 3703 243 3766 καὶ
258 3703 442 3786 τθκχυθέντα
456 3703 616 3785 συλλέγεις
630 3702 806 3785 ἀλγήματα;

644 3865 664 3928 9

149 3937 283 3994 Stobaeus
299 3950 346 4008 74.
361 3955 390 4011 p.
405 3951 443 4010 45
453 3952 475 3991 ι.

189 4029 280 4094 Ἵστω
296 4029 319 4093 δ’
336 4032 441 4112 ἄφρων
455 4027 507 4101 ὢν,
524 4030 605 4094 ὅστις
620 4028 741 4093 ἄτεκνος
756 4026 798 4091 ὢν
812 4028 846 4091 τὸ
860 4028 930 4108 πρὶν

193 4137 299 4200 παῖδας
314 4133 448 4214 θυραίους
464 4132 505 4197 είς
519 4130 624 4209 δόμους
639 4128 793 4208 έκτήσατο,

194 4235 247 4312 τὴν
261 4240 368 4317 μοῖραν
384 4236 424 4302 είς
438 4232 472 4296 τὸ
487 4233 526 4312 μὴ
540 4233 638 4314 χρεὼν
652 4233 882 4316 παραστρέφωο.

147 4375 214 4413 vm..
228 4375 261 4413 ιι.
630 4372 649 4411 α
660 4374 680 4431 g
