2850 4898
509 299 859 360 ΑΠΟΣΠΑΣΜΑΤῙΑ.

218 465 281 530 ἔσθ’
296 467 379 546 ἦμιν;
404 468 442 533 ὡς
455 468 492 546 ἦν
502 470 614 550 μόχθος
629 470 737 548 ἰατροῖς
750 467 843 549 μέγας

216 574 319 648 τομαῖς
333 570 472 651 ἀφαιρεῖν
485 569 504 649 ῖη
518 576 619 637 ποτοῖς
632 567 650 648 ἢ
665 568 830 651 φαρμάκοις

217 678 322 735 πασῶν
335 673 480 753 μεγίστην
494 679 553 736 τῶν
568 675 602 737 ἐν
616 673 780 753 ἀνθρώποις
795 674 902 735 νάσων.

667 811 677 852 I
686 810 703 853 2

173 877 306 935 Stobaeus
319 896 349 951 4.
364 899 392 954 p.
405 895 454 954 52.

219 976 342 1036 Πολλοί
353 1000 389 1055 γε
404 980 518 1054 θνητῶν
532 978 571 1061 τῷ
583 974 687 1055 θράσει
702 977 754 1041 τὰς
767 978 923 1056 συμφορὰς

218 1074 334 1154 ζητοιῖσ’
349 1077 499 1158 ἀμαυροῦν
515 1078 772 1158 κάποκριίπτεσθαι
788 1076 870 1140 κακά.

669 1214 679 1257 ί

173 1281 306 1339 Stobaeus
325 1300 368 1339 10.
384 1301 412 1357 p.
428 1300 556 1358 127.91.
572 1302 602 1359 p.
615 1214 703 1359 507.3

220 1378 275 1460 Βίη
290 1401 343 1440 νυν
358 1375 465 1455 ἕλκετ’,
482 1375 611 1456 ὥκακοὶ,
627 1380 721 1456 τιμάς,
737 1376 851 1458 βροτοὶ,

221 1480 269 1542 καὶ
285 1484 394 1543 κτᾶσθε
408 1485 550 1553 πλοῦτον,
566 1479 715 1544 πάντοθεν
726 1480 889 1560 θηρώμενοι

223 1581 380 1659 σθμμικτο,
394 1580 434 1659 μὴ
448 1581 545 1644 δίκαια
561 1581 608 1645 καῖ
623 1578 707 1643 δίκαι’
723 1582 806 1658 δμοῖ·

222 1680 310 1745 ἔπειτ’
328 1683 444 1761 ὀμᾶσθε
459 1686 550 1746 τῶνδε
566 1685 711 1762 δύστηνον
727 1681 821 1763 θέρος.

134 1788 171 1844 V.
186 1804 210 1845 1.
236 1787 329 1844 altero
342 1787 408 1844 loco
423 1790 464 1842 καὶ
476 1793 521 1843 νῦν
531 1787 658 1860 ε’φελκετῖ
680 1786 718 1845 V.
733 1804 762 1859 4.
785 1786 930 1843 Porsonus
952 1787 1007 1841 ἐπεὶ
1031 1783 1085 1841 τόδ’
1100 1785 1231 1857 ἐξαμᾶσθ(

134 1885 263 1955 δῦστηνον
277 1886 360 1957 θέρος.

175 2082 309 2141 Stobaeus
324 2083 374 2142 66.
389 2103 417 2158 p.
429 2101 498 2156 420.
667 2015 705 2073 14

222 2180 320 2258 Νόμοι
335 2182 481 2260 ηυναικῶν
495 2179 530 2241 οὐ
545 2180 642 2242 καλοῖς
658 2182 768 2240 κεῖνται
782 2175 858 2258 πέρι·

220 2388 371 2464 γυναῖκας,
388 2385 470 2464 εἴπερ
485 2382 520 2462 δη
534 2382 630 2463 τροφὴ
645 2383 744 2461 δόμοις
754 2384 862 2462 παρῆν,

227 2487 265 2552 ὡς
279 2487 333 2564 τὴν
347 2485 438 2564 κακὴν
448 2488 504 2564 μὶν
520 2485 669 2565 ἐξέβαλλε
682 2483 835 2564 δωμάτων,
937 2480 940 2486 ’

225 2588 279 2666 τὴν
294 2586 318 2652 δ’
335 2589 429 2651 οὖσαν
444 2589 557 2668 ἐσθλὴν
572 2587 663 2667 ἡδέως
678 2589 815 2662 ἐσώζετο.

224 2694 277 2753 νιῖν
292 2689 316 2753 δ’
333 2693 374 2757 είς
386 2691 458 2769 μίαν
472 2688 632 2769 βλέπουσι,
651 2692 785 2753 κίνδυνον
798 2686 896 2769 με’γαν

223 2793 388 2873 ῥίπτοντες·
406 2792 440 2855 οὐ
455 2795 512 2873 γὰρ
527 2798 586 2856 τῶν
601 2793 718 2873 τρόπον
732 2790 907 2871 πειρώμενοι

223 2897 340 2976 νύμφας
354 2897 384 2962 ἐς
398 2898 495 2961 οίκους
511 2895 719 2976 ῖρματίζοντοι
732 2893 849 2975 βροτοί.

179 3116 313 3176 Stobaeus
332 3135 397 3174 111.
412 3137 442 3194 p.
454 3116 523 3192 582.
671 3045 706 3112 ¹5
751 3110 753 3114 ’

567 3211 621 3291 Μὴ
634 3209 804 3292 σκυθρωπὸς
818 3207 877 3274 ἴσθ’
893 3211 971 3291 άγαν

223 3316 296 3398 πρδς
312 3316 380 3382 τοὺς
393 3320 485 3382 κακῶς
498 3313 690 3396 πράσσοντος
705 3313 859 3393 ἄνθρωπος
873 3313 978 3394 γεγάς.

672 3433 710 3495 16

179 3519 314 3579 Stobaeus
333 3521 377 3579 16.
394 3542 422 3598 p.
441 3538 506 3597 153.

222 3614 370 3695 Ἀμουσία
384 3643 429 3681 τοι
443 3615 507 3696 μηδ’
524 3614 569 3680 ἔπ’
586 3618 746 3697 οῖκτροῖσιν
761 3613 850 3696 δάκρυ

224 3718 352 3795 στάζειν·
378 3720 467 3783 κακδν
482 3722 524 3793 δὲ,
541 3716 699 3801 χρημάτων
714 3718 810 3780 ὄντων
824 3713 900 3788 άλις,

227 3827 328 3902 φειδοῖ
339 3826 454 3906 πονηρᾷ
467 3820 566 3902 μηδέν’
584 3821 616 3884 εὖ
630 3825 727 3884 ποιεῖν
741 3823 869 3900 βροτῶν.

137 3941 237 4000 Verba
250 3942 507 4012 ἆμουσία-στάζκιν
526 3958 592 3999 112.
607 3961 635 4017 p.
643 3940 712 4015 583.

672 4094 708 4158 ¹7

179 4166 279 4223 Pollux
296 4165 361 4232 VII,
386 4164 451 4239 178.
474 4167 614 4238 Εὐριπίδης
628 4167 655 4219 ἐν
668 4165 729 4219 Ἰνοῖ

225 4262 345 4326 Κοίλοις
360 4263 393 4325 ἓν
408 4262 524 4342 ἄντροις
539 4261 680 4343 ἄλυχνος,
696 4257 773 4322 ὥστε
788 4258 843 4340 θὴρ
855 4259 957 4337 μόνος.

635 4384 652 4420 ν
664 4363 679 4420 ί
688 4382 702 4420 ο
