2850 4898
519 265 864 329 ΑΠΟΣΠΑΣΜΑΤΙΑ.
1182 273 1247 341 913

686 455 696 496 l

185 513 308 593 Diogen.
324 517 357 573 L.
375 517 429 582 ill,
444 518 493 592 63.
514 520 545 574 ‘0
559 524 624 593 γοῦν
641 525 744 594 φαῦλος
761 525 865 596 λέγεται
883 526 943 598 παρ’
958 528 1027 604 αὐτῷ
1041 526 1189 603 (Πλάτωνι)
1205 533 1245 586 καί

143 613 186 666 ε’πί
199 618 246 668 τοῦ
259 615 355 682 ἁπλοῦ,
367 617 401 673 αἰς
414 619 455 672 καί
465 619 536 690 παρδ
546 620 673 690 Εὐριπίδη
685 621 712 674 ίν
721 623 849 697 Λικυμνίῳ
859 624 966 697 φίρεται
976 626 1019 680 ἐπὶ
1028 630 1077 681 τοῦ
1085 627 1245 699 Ἡρακλέους

143 712 241 765 ουτωσί

231 811 364 881 Φαΰλον,
382 810 530 890 ἄκομψον,
547 813 584 872 τὰ
598 809 713 891 μέγιστ’
731 813 855 893 ἀγαθὸν,

228 911 330 971 πᾶσαν
346 912 379 972 ἐν
394 910 471 995 ἔργῳ
486 914 749 992 παρατεμνόμενου

229 1014 352 1091 σοφίαν,
369 1011 483 1094 λέσχης
499 1014 660 1093 ἀτρίβωνα.

142 1114 178 1169 V.
200 1132 222 1170 1.
244 1115 415 1173 Eustatbius
436 1137 465 1192 p.
488 1135 573 1191 1492,
591 1120 638 1175 ι8.
664 1119 791 1194 Etymol.
806 1120 849 1176 M.
864 1141 892 1196 p.
909 1123 977 1196 789,
994 1141 1043 1197 34.
1072 1125 1192 1184 Photius
1214 1140 1245 1185 et

143 1207 246 1269 Suidas
259 1232 289 1270 v.
304 1217 416 1286 φαῦλον,
439 1214 531 1272 schol.
548 1215 677 1272 Plutonis
692 1235 720 1290 p.
737 1216 784 1289 84.
807 1216 977 1277 Plutarchus
992 1221 1051 1279 Vit.
1067 1243 1094 1298 p.
1110 1242 1209 1297 310c.

182 1426 316 1485 Stobaeus
332 1445 380 1502 29.
395 1447 425 1504 p.
446 1431 509 1504 198.
685 1361 703 1406 2

228 1525 329 1590 Πόνος
344 1528 411 1607 γὰρ,
428 1526 466 1594 ὡς
480 1526 634 1608 λέγουσιν,
652 1528 786 1594 εὐκλείας
800 1529 907 1611 πατήρ.

142 1625 185 1683 cf.
201 1629 333 1703 Apostol.
347 1630 431 1697 XVI,
445 1649 490 1705 29.
514 1631 653 1707 Sophocli
667 1651 783 1689 versum
800 1633 901 1690 tribuit
915 1633 1007 1693 schol.
1023 1636 1201 1717 Hermogen.
1212 1659 1241 1715 p.

143 1736 212 1802 377.
229 1729 305 1804 apud
320 1729 438 1786 Ruhnk.
455 1729 490 1786 ad
505 1730 641 1805 Xenoph.
658 1730 750 1787 Mem.
768 1730 806 1795 Μ,
827 1750 850 1797 ι,
868 1749 917 1789 20.

182 1944 323 2021 Stephan.
339 1946 411 2022 Byz.
427 1965 454 2000 v.
475 1948 623 2019 Τευθρανία.
645 1880 748 2019 λέξεται
762 1949 803 2001 καί
815 1949 990 2020 Τευθράντιος.
1014 1949 1152 2020 Εὐριπίδης
1166 1961 1240 2006 Λικυ-

174 2045 184 2097 ί

140 2066 204 2118 μνφ
226 2137 427 2219 Τευθράυτιον
442 2139 474 2201 δὲ
489 2141 591 2221 σχῆμα
606 2141 726 2204 Μυσίας
739 2141 857 2220 χθονός.

180 2344 350 2403 Macrobius
365 2344 483 2403 Suturn.
500 2345 524 2409 1,
546 2346 589 2402 18.
632 2277 728 2401 Et4ne
747 2347 806 2420 quis
827 2347 950 2420 opinetur
972 2348 1086 2405 ιίίυινείς
1102 2349 1155 2404 diis
1168 2349 1242 2406 Por-

140 2461 246 2498 nussum
266 2451 379 2499 montem
399 2444 524 2506 dicatum,
545 2443 615 2498 idon
628 2442 778 2516 Ευιιρίιίιε
797 2445 824 2500 in
839 2445 979 2521 Licymnio
992 2446 1145 2520 Apollinem
1159 2447 1241 2505 Libe-

140 2559 251 2615 rumque
264 2559 344 2597 υπυιπ
356 2541 524 2615 eumdemque
537 2540 613 2595 deum
632 2559 688 2596 esse
705 2541 862 2617 siqnificuns
879 2543 975 2600 scribit
990 2553 1009 2575 “
1026 2545 1150 2600 Δέσποτα
1163 2550 1241 2618 φιλό-

144 2650 163 2671 “
180 2642 263 2712 δοφνε
274 2641 367 2709 Βάκχε,
382 2639 465 2693 Παιὰν
473 2636 609 2692 Ἀπολλον
622 2636 740 2710 εὔλυρε.”

181 2838 315 2897 Stobaeus
330 2837 382 2895 ecl.
398 2837 480 2912 phys.
497 2836 554 2892 vol.
569 2836 588 2892 l.
603 2855 631 2910 p.
651 2767 715 2911 1556.

230 2934 274 2996 Τὸ
290 2938 340 3012 τῆς
354 2932 483 3012 ἀνάγκης
498 2931 532 2993 οὐ
547 2930 650 3012 λέγειν
665 2933 740 2994 ὅσον
754 2935 852 3012 ζυγόν.

181 3142 354 3218 Hesychius,
370 3142 505 3213 θριάζεινι
527 3053 717 3211 φυλλολογεόῖν,
733 3139 879 3203 ε’νθουσιᾶν,
896 3140 1077 3209 ε’νθουσιιίζειν.
1101 3145 1240 3215 Εὐριπίδης

141 3242 268 3314 Λικυμνίῳ
282 3240 323 3295 καί
337 3240 473 3310 Σοφοκλῆς
485 3236 613 3291 Ὀδυσσεῖ
626 3237 778 3310 μαινομένῳ.

455 3467 715 3526 ΜΕΛΑΝΙΠΠΗ
740 3468 769 3526 Η
794 3468 920 3526 ΣΟΦΗ.

179 3587 295 3645 Partem
316 3586 480 3661 argumenti
502 3584 591 3642 habet
612 3584 769 3661 Dionysius
793 3586 942 3644 Halicam.
964 3587 1035 3659 τέχν.
1056 3587 1144 3660 ρητορ.
1167 3607 1194 3645 c.
1208 3606 1237 3662 9.

138 3686 196 3744 vol.
211 3686 249 3744 V.
264 3706 294 3762 p.
311 3703 327 3759 3
332 3700 379 3760 54.
396 3683 493 3742 Reisil.
514 3683 549 3738 ‘H
565 3685 721 3754 Μελανίππη
735 3685 750 3753 ἡ
765 3685 848 3757 σοφίη,
864 3687 895 3740 πδ
913 3686 997 3757 δρᾶμα
1016 3685 1166 3757 Εὐριπίδου,
1182 3687 1238 3741 ίπι>

137 3788 280 3858 γίγραιπαι
293 3786 340 3854 μὲν
354 3784 437 3856 σοφὴ,
453 3781 493 3836 θπι
504 3783 652 3853 φιλοσοφεῖ
662 3782 702 3835 καί
717 3783 759 3835 διὰ
773 3784 851 3835 τοῦτο
864 3780 984 3848 τοιαύτης
996 3785 1092 3854 μητρός
1102 3783 1185 3847 ε’σπιν,
1197 3783 1238 3838 ’ίνα

136 3885 172 3954 μὴ
185 3877 333 3950 ἀπίθανοςῇ
343 3882 357 3951 ἡ
369 3880 519 3953 φιλοσοφία
524 3878 588 3946 .-ἡ
599 3879 628 3932 δί
638 3880 793 3948 Μελανίππη
808 3877 944 3948 ἐπαιδεύθη
963 3879 1096 3948 (ἐπλήσθη
1110 3878 1236 3937 Valcke-

137 3978 248 4044 narius)
264 3980 312 4048 ρίν
327 3979 376 4031 ὑπὸ
397 3980 444 4030 τοῦ
460 3975 636 4039 Ποσειδῶνος,
650 3977 742 4046 γέγονε
761 3975 789 4028 δι’
807 3972 888 4042 ταύτῃ
905 3974 1004 4037 παιδία,
1019 3974 1123 4043 ε’ξίθηκε
1137 3972 1159 4029 δ’
1173 3977 1238 4030 αὐτὰ

137 4075 173 4131 είς
186 4076 279 4129 τὸτοῦ
293 4076 391 4145 πατρὸς
404 4074 563 4144 βουφόρβια.
586 4075 601 4123 ὁ
615 4073 642 4125 δι’
656 4073 740 4142 πατὴρ
754 4072 853 4143 ἡγεῖται
867 4073 894 4125 εἰι
907 4073 971 4136 βοὸς
984 4065 1047 4125 εἶναι
1061 4073 1101 4125 καί
1116 4072 1150 4128 ὡς
1162 4075 1238 4143 τέρας

136 4171 260 4234 βούλεται
274 4175 439 4226 κατακαῦσαι.
461 4170 595 4238 βοηθοῦσα
610 4167 702 4238 αῧτηίη
725 4169 879 4237 Μελανίππη
898 4168 1090 4240 ἀποφαίνεσθαι
1108 4173 1235 4242 πειρᾶπαι,

137 4268 177 4323 ὅτι
190 4271 266 4341 τέρας
279 4269 354 4322 οὐδέν
366 4269 440 4322 ἔστιν
453 4289 477 4321 κ.
490 4288 514 4320 π.
530 4269 557 4321 λ.
581 4263 625 4320 Cf.
641 4264 749 4321 ibidem
765 4283 794 4338 p.
812 4282 881 4336 300.
