2850 4898
216 275 281 345 962
670 284 897 343 ΕΥΡΙΠΙΔΟΥ

753 482 789 546 13

259 565 427 622 Eustachius
441 585 469 641 p.
486 581 569 639 1731,
583 580 632 641 54.
664 568 698 622 ‘H
714 569 741 622 δὲ
763 567 868 639 τοιαύτη
889 570 967 641 προὶξ
987 567 1028 623 ὅτι
1049 572 1090 624 καὶ
1109 571 1193 643 φερνὴ
1214 575 1322 645 λέγεται

217 666 301 733 δηλοῖ,
314 666 407 735 φασὶν,
422 665 450 718 ἐν
462 665 586 719 Φαέθοντι
600 666 739 737 Εὐριπίδης
753 667 831 720 εἰπὼν

304 756 481 839 Ἐλεύθερος
495 756 519 821 δ’
535 756 576 821 (δν
591 761 697 826 δοῦλός
713 761 778 822 ἔστι
792 763 845 822 τοῦ
860 758 979 841 λέχους,

303 859 493 941 πεπραμένον
509 860 542 922 τὸ
558 866 644 940 σῶμα
658 864 708 939 τῆς
722 865 833 942 φερνῆς
849 861 938 943 ἔχων.

217 982 328 1039 Eodem
352 982 468 1058 respicit
489 983 659 1040 Plutarchus
680 983 787 1040 Moral.
809 1003 838 1059 p.
851 982 910 1057 498
926 982 955 1041 b.
977 982 1023 1039 Ad
1038 983 1114 1039 hanc
1128 982 1259 1041 fabulam
1272 1005 1319 1043 re-

216 1079 369 1136 ferendum
390 1098 463 1146 esse,
479 1080 557 1155 quod
572 1080 608 1137 de
622 1080 805 1138 Phaethonte
827 1100 861 1137 ex
877 1080 1015 1156 Euripide
1030 1093 1243 1138 commemorat
1266 1082 1322 1138 Pli-

216 1176 282 1233 nius
298 1177 373 1234 Hist.
384 1178 487 1235 Natur.
499 1195 548 1253 37,
566 1196 594 1235 a.
611 1179 812 1253 suspicabatur
826 1177 984 1235 Ruhnken.
1000 1178 1077 1253 apud
1093 1178 1200 1236 Luzac.
1211 1178 1320 1237 Exere.

217 1275 297 1332 acad.
312 1294 341 1351 p.
353 1292 402 1350 52.

623 1495 910 1555 ΦΙΛΟΚΤΗΤΗΣ.

258 1606 352 1683 Hujus
366 1606 470 1665 fabule
486 1608 711 1686 descriptionem
726 1630 833 1688 magua
854 1631 888 1669 ex
908 1624 989 1686 parte
1004 1612 1137 1688 exposuit
1151 1612 1207 1668 Dio
1223 1611 1319 1686 Chry-

215 1716 283 1760 sost.
299 1705 431 1762 oratione
446 1705 511 1763 Lll.
523 1707 643 1765 servatis
657 1709 761 1784 partim
778 1710 867 1784 ipsius
882 1722 976 1785 poetae
987 1711 1093 1778 verbis,
1109 1729 1173 1785 quae
1188 1709 1321 1766 numeris

215 1801 272 1858 suis
286 1802 439 1860 restituere
458 1816 579 1860 conatus
595 1816 639 1862 est
652 1805 865 1863 Valckenarius
878 1807 1001 1864 Distrib.
1017 1826 1081 1883 cop.
1097 1806 1150 1865 Xl.

255 2013 374 2069 Aristot.
396 2014 490 2071 Ethic.
517 2014 698 2080 Nicom.Vl,
716 1947 897 2072 8.1Eudem.
919 2015 957 2081 V,
975 2015 1001 2071 8.
1017 2014 1188 2073 Plutarchus
1207 2013 1318 2071 Moral.

214 2129 243 2185 p.
256 2126 316 2182 544
331 2130 356 2168 c.
381 2110 418 2167 V.
430 2129 458 2184 4.
498 2112 669 2171 Plutarchus
683 2114 788 2171 Moral.
801 2134 828 2188 p.
838 2129 897 2189 779
909 2114 936 2171 d.
970 2115 1059 2172 schol.
1075 2110 1224 2188 Aristoph.
1242 2110 1318 2168 Rau.

217 2206 283 2279 284.
307 2208 343 2264 V.
360 2224 388 2284 5.
400 2208 430 2264 6.
454 2209 587 2267 Stobaeua
600 2229 645 2285 29.
662 2232 691 2286 p.
709 2230 773 2288 199.

300 2310 370 2370 Πῶς
386 2303 408 2367 δ’
425 2303 463 2368 ἂν
478 2309 631 2387 φρονοίην,
649 2304 671 2392 ᾧ
687 2311 783 2387 παρῆν
798 2307 994 2387 ἀπραγμόνως

302 2409 335 2468 ἓν
349 2411 428 2470 τοῖσι
442 2414 568 2474 πολλοῖς
580 2409 765 2494 ἠριθμημένῳ
781 2413 910 2490 στρατοῦ

300 2512 369 2573 ἴσον
383 2517 547 2594 μετασχεῖν
562 2517 601 2598 τῷ
618 2511 781 2596 σοφωτάτῳ
798 2514 904 2594 τύχης;

300 2611 460 2693 οὐδὲνγὰρ
477 2615 551 2676 οὕτω
567 2619 678 2695 γαῦρον
693 2615 731 2680 ὡς
746 2613 819 2692 ἀνὴρ
835 2614 903 2694 ἕφν

301 2712 367 2780 τοὺς
382 2717 439 2794 γὰρ
455 2716 614 2796 περισσοὺς
630 2718 679 2779 καί
692 2742 719 2779 τι
734 2715 925 2797 πράσσοντας
939 2714 1034 2778 πλέον

300 2821 438 2896 τιμῶμεν,
455 2821 563 2899 ἄνδρας
577 2818 601 2881 τ’
618 2822 651 2881 ἐν
666 2822 753 2882 πόλει
768 2819 934 2896 νομίζομεν.

256 3042 425 3100 Plutarchus
440 3043 546 3100 Moral.
563 3064 591 3120 p.
606 3058 665 3118 544
679 3062 706 3101 c.
754 2974 771 3019 2

300 3137 398 3202 Ὀκνῶ
413 3141 445 3202 δὲ
459 3140 580 3221 μόχθων
596 3144 653 3201 τῶν
667 3139 737 3218 πρὶν
752 3136 854 3220 ἐκχέαι
869 3136 967 3219 χάριν,

302 3242 349 3304 καὶ
363 3241 430 3307 τοὺς
444 3242 591 3323 παρόντας
606 3242 657 3303 οὐκ
672 3242 843 3318 ἀπωθοῦμαι
857 3241 976 3304 πόνους.

256 3458 427 3516 Plutarchus
442 3459 549 3516 Moral.
561 3477 590 3534 p.
599 3476 652 3532 521
672 3476 698 3513 a.
751 3387 769 3452 3

303 3556 472 3635 Δύσμορφα
486 3553 588 3632 μέντοι
603 3555 711 3616 τᾶνδον
726 3554 857 3623 εἰσιδεῖν,
875 3550 952 3629 ξένε.

753 3694 775 3750 4

256 3760 390 3819 Stobaeus
410 3779 472 3837 ¹¹9·
488 3780 514 3836 p.
527 3761 595 3817 602.

296 3854 393 3930 ‘'Ahts,
410 3855 432 3919 ὦ
445 3856 544 3936 βιοτά·
566 3855 697 3937 πέραινε,
714 3858 784 3936 πρίν
798 3880 864 3918 τινα
879 3856 1041 3936 συντυχίαν

299 3956 317 4036 ἢ
333 3958 508 4022 κτεάτεσσιν
523 3961 612 4038 ἐμοῖς,
628 3957 646 4037 ἢ
662 3960 774 4038 σώματι
789 3961 863 4042 τῷδε
879 3954 1031 4037 γενέσθαι.

253 4199 360 4257 lustin.
374 4199 415 4255 M.
431 4222 458 4254 π.
473 4221 582 4271 μοναρχ.
598 4218 627 4273 p.
644 4215 697 4271 ¹09
708 4196 736 4253 h.
750 4107 796 4253 gd.
809 4196 913 4252 Colon.

299 4292 408 4374 Ὁρᾶτε
423 4292 447 4356 δ’
464 4295 502 4359 ὡς
518 4295 572 4357 κᾶν
587 4297 683 4355 θεοῖσι
699 4294 861 4372 κερδαίνειν
877 4290 980 4364 καλὸν,
