2850 4898
652 336 800 403 NOTAE.
1190 338 1275 406 1019

173 547 236 612 que
250 524 310 589 hoc
323 522 450 610 quidem
466 523 588 588 dudum
612 522 764 588 intellexit
779 521 997 601 Marclandus,
1013 522 1158 608 quamvis
1171 537 1274 588 cetera

172 648 235 690 non
254 624 374 690 felicius
395 647 492 712 quam
513 624 565 689 alii
588 639 734 704 tractans,
758 624 838 688 illud
857 647 932 689 vero
953 647 1016 688 non
1040 624 1273 705 animadvertit,

172 742 344 815 postremos
354 750 462 792 versus
474 727 550 804 duo,
565 726 682 813 quibus
697 727 881 792 tantundem
897 727 963 792 fere
977 727 1155 792 continetur
1169 751 1271 814 quan·

172 845 239 895 tum
254 829 358 894 verbis
380 827 629 917 praecedentibus
648 827 767 893 dictum
789 828 862 907 fuit,
883 852 945 893 non
968 852 1033 893 esse
1054 829 1095 894 ab
1117 829 1273 917 Euripide

171 932 312 1020 scriptos,
323 931 375 996 sed
391 931 521 996 eandem
537 930 651 994 habere
666 930 816 1017 originem
833 954 927 1017 quam
944 946 991 996 tot
1001 930 1070 996 aliae
1080 932 1197 996 habent
1205 954 1278 996 sen.

171 1035 337 1099 tentiarum
354 1034 562 1115 ἐπεξεργοσίοι
572 1031 605 1096 in
620 1032 806 1121 Euripidem
822 1032 929 1110 illatae,
946 1057 1025 1120 quas
1039 1056 1110 1098 cnm
1134 1032 1186 1097 alii
1201 1048 1270 1098 tum

170 1136 312 1224 inprimis
335 1133 558 1199 Valckenarius
588 1133 687 1221 perite
718 1150 940 1201 monstrarunt.
986 1135 1091 1200 Verba
1119 1137 1272 1200 κατθανὼν

168 1245 248 1318 μενιῖ
261 1238 390 1302 fortasse
404 1259 444 1301 ex
463 1236 549 1300 Ionis
563 1260 592 1299 v.
613 1254 705 1322 1037.
731 1253 804 1301 sunt
824 1239 934 1319 κδνπερ
957 1236 1059 1317 διέλθῃ
1081 1237 1200 1317 λαιμὸν,
1219 1239 1269 1302 οὔ·

168 1339 236 1404 ποθ’
251 1342 343 1419 ῐξεται
361 1339 367 1426 Ι
387 1343 505 1405 κλεινὰς
518 1337 656 1418 Ἀθήνας,
674 1341 826 1403 κατθανὼν
849 1338 873 1404 δ’
895 1341 985 1403 αὐτοῦ
1004 1345 1098 1418 μενεῖ.
1139 1340 1270 1403 Ineunte

168 1457 273 1504 autem
295 1464 327 1504 se
347 1440 486 1527 prodidit
506 1439 562 1525 qui
578 1462 685 1503 versus
704 1439 773 1504 illos
790 1440 911 1526 scripsit
925 1440 1018 1504 etiam
1035 1463 1084 1518 eo,
1099 1440 1184 1526 quod
1200 1441 1270 1505 inu-

168 1542 291 1607 sitatam
311 1542 435 1629 tragicis
455 1542 587 1605 formam
614 1541 753 1605 adverbii
777 1545 916 1606 ἐνταυθοῖ
934 1541 1051 1622 intulit,
1066 1564 1160 1628 quam
1176 1564 1269 1607 nemo

61 1698 67 1709 .
168 1661 231 1709 tam
245 1646 304 1710 erit
318 1644 514 1709 librariorum
529 1641 601 1707 fidei
616 1643 784 1708 adstrictus
798 1645 854 1731 qni
869 1665 933 1707 uno
948 1642 1092 1731 exemplo
1108 1644 1269 1733 Euripidis

167 1769 206 1809 ex
222 1745 408 1832 Melanippa
421 1742 508 1832 apud
524 1743 684 1809 Stoboeum
701 1747 870 1824 LXXIV,
883 1747 914 1809 6.
938 1744 997 1809 vol.
1010 1746 1080 1811 111.
1096 1769 1129 1833 p.
1141 1747 1192 1811 68.
1216 1747 1269 1811 de-

167 1846 289 1912 fensum
304 1863 365 1925 eat,

337 1949 465 2012 τίσασθε
478 1947 576 2027 τήνδε·
602 1949 722 2029 καὶγὰρ
738 1948 878 2010 ἐνταυθοῖ
888 1953 974 2011 νοσεῖ

338 2053 375 2113 τῒι
392 2055 448 2113 τῶν
462 2053 618 2131 γυναικῶν.

167 2150 222 2214 nbi
241 2166 326 2214 certa
347 2149 488 2215 Elmsleii
503 2148 680 2213 emendatio
701 2163 747 2213 est
767 2151 905 2213 ἐντεῦθεν
927 2155 1023 2226 νοσεῖ,
1038 2148 1078 2213 ab
1092 2149 1161 2235 ipso
1175 2163 1269 2238 poeta

165 2252 365 2339 suppeditata
379 2251 614 2316 Andromachae
623 2273 713 2314 versu
730 2271 802 2334 949.
828 2252 986 2315 κάντεῦθεν
996 2249 1079 2331 δόμοι
1097 2252 1103 2339 Ι
1123 2257 1267 2317 νοσοῦσιν

165 2355 288 2436 θνδρῖιν.
335 2353 483 2441 Neglexit
513 2353 571 2416 hoc
599 2353 812 2416 Buttmannus
840 2352 871 2414 in
901 2353 1102 2438 grammatica
1132 2353 1191 2418 vol.
1215 2355 1266 2418 11.

164 2479 198 2542 p.
214 2457 286 2520 288.
309 2477 411 2542 neque
425 2455 699 2543 grammaticorum
715 2467 856 2517 veterum
871 2453 1021 2518 rationem
1040 2454 1162 2533 habuit,
1186 2480 1265 2542 quo-

164 2580 234 2623 rum
251 2558 433 2623 sententiam
449 2557 556 2623 retulit
570 2555 758 2621 Eustathius
772 2579 803 2643 p.
824 2556 916 2640 1839,
934 2558 985 2620 60.
1020 2562 1210 2637 σημειοῦντοι
1233 2562 1266 2624 δὲ

164 2665 193 2726 ol
207 2663 330 2726 παλαιοὶ
344 2662 382 2728 ὥς
396 2661 430 2724 τὸ
444 2663 501 2741 μὲν
516 2663 655 2725 ἐνταυθοῖ
666 2659 720 2738 τὴν
737 2661 770 2723 ἓν
788 2656 868 2744 τόπῳ
889 2661 1041 2738 σημασίον
1060 2665 1155 2740 δηλοῖ,
1176 2662 1211 2725 τὸ
1234 2665 1267 2726 δὲ

165 2765 292 2827 ἐνταῦθα
307 2765 355 2827 καὶ
368 2763 422 2842 τὴν
438 2765 471 2826 ἐν
485 2761 566 2848 τόπιρ
582 2762 629 2825 rol
644 2761 698 2839 τὴν
714 2764 755 2827 εἰς
770 2758 873 2824 τόπον.
918 2760 1014 2830 Quod
1035 2761 1266 2849 significationis

164 2862 328 2926 discrimen
351 2863 406 2948 qui
429 2862 658 2948 excogitarunt,
682 2861 769 2925 haud
792 2860 889 2925 dubie
914 2862 1121 2950 etymologica
1145 2864 1264 2929 ratione

163 2964 250 3029 ducti
272 2963 411 3043 fuerunt,
427 2964 467 3028 de
489 2987 553 3050 qua
572 2964 781 3050 conjecturam
801 2964 902 3027 facere
921 2962 993 3028 licet
1008 2988 1047 3029 ex
1063 2964 1265 3051 procedenti-

162 3067 223 3132 bus
236 3066 396 3131 Eustathii
412 3065 527 3143 verbis,
543 3065 577 3128 τὸ
597 3068 629 3128 δὲ
650 3068 789 3129 ἐνταυθοῖ
811 3072 894 3130 δοκεῖ
906 3067 1042 3148 Δωρικὸν
1065 3067 1150 3141 εἶναι,
1168 3071 1197 3132 εἰ
1218 3071 1266 3133 καὶ

161 3168 229 3251 παρ’
243 3168 387 3236 Ἀττικοῖς
401 3168 560 3249 τέτριπται,
577 3170 653 3231 οὕτω
669 3170 701 3230 δὲ
718 3168 765 3230 καὶ
781 3170 916 3231 ἐνταῦθα.
945 3168 1009 3232 ἔστι
1024 3170 1057 3232 δὲ
1071 3173 1123 3232 τοῦ
1137 3171 1193 3248 μὲν
1214 3173 1263 3236 ἐν·

160 3274 286 3336 vatent
303 3269 460 3353 Δωρισμὸς
479 3274 603 3344 ἁπλοῦς,
624 3274 745 3337 διπλοῦς
764 3273 796 3334 δὲ
815 3273 831 3333 ὁ
851 3275 904 3334 τοῦ
928 3273 1076 3336 ἐνταυθοῖ.
1103 3273 1150 3335 καὶ
1173 3278 1265 3352 δῆλον

161 3374 309 3437 ἐντεῦθεν.
334 3378 401 3439 ἔθος
422 3376 599 3454 Δωριεῦσιν,
617 3375 655 3440 ὡς
677 3374 724 3436 καὶ
747 3375 781 3435 έν
802 3378 863 3439 τοῖς
882 3376 934 3436 τοῦ
949 3370 1099 3455 Πινδάρου
1114 3377 1262 3455 φαίνεται,

160 3473 343 3538 συντάσσειν
367 3473 450 3538 ἔστιν
471 3476 521 3538 ὅτε
539 3475 593 3552 τὴν
614 3477 647 3537 ἐν
667 3471 810 3554 πρόθεσιν
827 3477 903 3552 μετὰ
925 3477 1090 3554 αἰτιατικῆς,
1108 3476 1198 3540 ἔτιδὲ
1216 3477 1263 3541 καὶ

162 3575 196 3638 τὸ
217 3575 304 3639 ἔνδον
324 3574 430 3656 λέγειν
450 3577 624 3639 ένδοῖ-καὶ
638 3576 672 3639 τὸ
688 3575 780 3638 πέδον
794 3579 881 3638 πεδοῖ
894 3577 1121 3657 έπιρρηματικῶς
1134 3578 1200 3640 ἀντὶ
1211 3582 1262 3641 τοῦ

160 3678 201 3743 εἷς
215 3680 326 3757 γῆν-.
350 3678 462 3740 τούτων
482 3679 535 3741 οῦν
558 3681 649 3744 οὕτως
670 3675 803 3759 ἐχόντων
823 3680 867 3757 εἴη
888 3677 926 3741 ἂν
941 3678 1060 3759 Δωρικῆ
1077 3681 1213 3757 σύνταξις
1228 3679 1261 3741 τὸ

159 3779 299 3841 ἐνταυθοῖ
317 3777 392 3859 (hoc
417 3778 586 3842 necessario
615 3781 741 3842 ἐνταῦτα
763 3777 973 3857 scribendum,
1003 3802 1098 3865 quam
1128 3779 1261 3843 formam

156 3878 289 3942 servavit
314 3878 475 3966 inscriptio
491 3880 569 3944 Elea
587 3880 673 3968 apud
704 3879 900 3944 Boeckhium
917 3882 945 3944 Ι.
971 3904 1002 3967 p.
1016 3883 1067 3947 26.
1091 3884 1131 3966 τῷ
1152 3878 1261 3945 ’νταῦτ’

66 4065 68 4068 y
157 3980 347 4067 έγραμμένιρ)
363 3982 456 4064 ἤγουν
478 3986 520 4050 εἰς
538 3989 644 4048 τοῦτον
663 3980 716 4046 τὸν
736 3980 838 4056 τόπον,
857 3983 906 4046 καὶ
928 3983 1010 4050 αὖθις
1031 3986 1124 4064 τραπῇ
1142 3983 1260 4065 Δωρικῇ

155 4084 306 4163 ληγούσης
319 4083 354 4146 τὸ
371 4085 516 4160 ένταυτοῖ,
529 4087 576 4149 καὶ
587 4090 679 4167 τροπῇ
696 4084 817 4164 συνήθει
834 4089 886 4148 τοῦ
900 4089 995 4167 ψιλοῦ
1010 4087 1051 4152 εἰς
1067 4086 1144 4150 δασὺ
1159 4088 1260 4150 ένταν-

156 4186 213 4247 θοῖ.
238 4184 325 4269 ὁμοία
344 4186 377 4248 δὲ
396 4183 533 4265 συντάξει
550 4191 601 4265 τῆς
621 4189 654 4250 ἓν
669 4186 839 4268 προθέσεως
855 4188 903 4250 καὶ
918 4187 1191 4272 ἆντιμεταχιορήσει
1205 4192 1258 4251 τοῦ

198 4307 274 4350 VOL.
291 4307 332 4351 11.
720 4309 738 4347 0
753 4311 772 4350 0

581 4401 592 4441 δ
