<?xml version="1.0" encoding="UTF-8"?>
<!DOCTYPE html PUBLIC "-//W3C//DTD XHTML 1.0 Transitional//EN"
    "http://www.w3.org/TR/xhtml1/DTD/xhtml1-transitional.dtd">
<html xmlns="http://www.w3.org/1999/xhtml" xml:lang="en" lang="en">
 <head>
  <title>
</title>
<meta http-equiv="Content-Type" content="text/html;charset=utf-8" />
  <meta name='ocr-system' content='tesseract 3.04.00' />
  <meta name='ocr-capabilities' content='ocr_page ocr_carea ocr_par ocr_line ocrx_word'/>
</head>
<body>
  <div class='ocr_page' id='page_1' title='image "./tragoediaesuper00eurigoog_0432.png"; bbox 0 0 2844 4882; ppageno 0'>
   <div class='ocr_carea' id='block_1_1' title="bbox 501 306 845 366">
    <p class='ocr_par' dir='ltr' id='par_1_1' title="bbox 501 306 845 366">
     <span class='ocr_line' id='line_1_1' title="bbox 501 306 845 366; baseline 0.003 -2"><span class='ocrx_word' id='word_1_1' title='bbox 501 306 845 366; x_wconf 81' lang='grc' dir='ltr'>ΑΠΟΣΠΑΣΜΑΤῙΑ.</span> 
     </span>
    </p>
   </div>
   <div class='ocr_carea' id='block_1_2' title="bbox 161 495 726 641">
    <p class='ocr_par' dir='ltr' id='par_1_2' title="bbox 161 495 726 641">
     <span class='ocr_line' id='line_1_2' title="bbox 161 495 726 641; baseline 0.002 -22"><span class='ocrx_word' id='word_1_2' title='bbox 161 562 293 619; x_wconf 80' lang='lat' dir='ltr'><strong>Stobaeus</strong></span> <span class='ocrx_word' id='word_1_3' title='bbox 304 561 397 641; x_wconf 85' lang='lat' dir='ltr'><strong>eclog.</strong></span> <span class='ocrx_word' id='word_1_4' title='bbox 411 564 495 640; x_wconf 82' lang='lat' dir='ltr'><strong>phys.</strong></span> <span class='ocrx_word' id='word_1_5' title='bbox 505 562 564 620; x_wconf 83' lang='lat' dir='ltr'><strong>vol.</strong></span> <span class='ocrx_word' id='word_1_6' title='bbox 575 561 599 619; x_wconf 92' lang='lat'>1.</span> <span class='ocrx_word' id='word_1_7' title='bbox 614 582 644 638; x_wconf 92' lang='lat' dir='ltr'>p.</span> <span class='ocrx_word' id='word_1_8' title='bbox 659 495 726 620; x_wconf 50' lang='lat'>216.</span> 
     </span>
    </p>
   </div>
   <div class='ocr_carea' id='block_1_3' title="bbox 96 655 934 1877">
    <p class='ocr_par' dir='ltr' id='par_1_3' title="bbox 96 655 934 1877">
     <span class='ocr_line' id='line_1_3' title="bbox 204 655 871 741; baseline 0.006 -21"><span class='ocrx_word' id='word_1_9' title='bbox 204 655 257 724; x_wconf 88' lang='grc' dir='ltr'>Ἐς</span> <span class='ocrx_word' id='word_1_10' title='bbox 270 656 378 722; x_wconf 78' lang='grc' dir='ltr'>ταυτὸν</span> <span class='ocrx_word' id='word_1_11' title='bbox 391 659 475 737; x_wconf 76' lang='grc' dir='ltr'>ἥκειν</span> <span class='ocrx_word' id='word_1_12' title='bbox 489 660 565 741; x_wconf 81' lang='grc' dir='ltr'>φημὶ</span> <span class='ocrx_word' id='word_1_13' title='bbox 579 661 631 725; x_wconf 81' lang='grc' dir='ltr'>τδς</span> <span class='ocrx_word' id='word_1_14' title='bbox 644 664 764 739; x_wconf 99' lang='grc' dir='ltr'>βροτῶν</span> <span class='ocrx_word' id='word_1_15' title='bbox 778 659 871 741; x_wconf 87' lang='grc' dir='ltr'>τόχας</span> 
     </span>
     <span class='ocr_line' id='line_1_4' title="bbox 205 758 869 846; baseline -0.002 -23"><span class='ocrx_word' id='word_1_16' title='bbox 205 758 283 823; x_wconf 92' lang='grc' dir='ltr'>τόνδ’</span> <span class='ocrx_word' id='word_1_17' title='bbox 299 759 335 824; x_wconf 91' lang='grc' dir='ltr'>δν</span> <span class='ocrx_word' id='word_1_18' title='bbox 350 765 494 825; x_wconf 83' lang='grc' dir='ltr'>καλοῦσιν</span> <span class='ocrx_word' id='word_1_19' title='bbox 509 758 611 842; x_wconf 73' lang='grc' dir='ltr'>αἰθέρ’,</span> <span class='ocrx_word' id='word_1_20' title='bbox 628 758 650 846; x_wconf 82' lang='grc' dir='ltr'>φ</span> <span class='ocrx_word' id='word_1_21' title='bbox 666 759 727 824; x_wconf 87' lang='grc' dir='ltr'>τόδ’</span> <span class='ocrx_word' id='word_1_22' title='bbox 744 761 809 824; x_wconf 79' lang='grc' dir='ltr'>ἔστι</span> <span class='ocrx_word' id='word_1_23' title='bbox 824 760 869 841; x_wconf 79' lang='grc' dir='ltr'>δή.</span> 
     </span>
     <span class='ocr_line' id='line_1_5' title="bbox 204 862 881 945; baseline 0.007 -20"><span class='ocrx_word' id='word_1_24' title='bbox 204 862 289 928; x_wconf 73' lang='grc' dir='ltr'>οὗτος</span> <span class='ocrx_word' id='word_1_25' title='bbox 303 862 406 945; x_wconf 78' lang='grc' dir='ltr'>θέρους</span> <span class='ocrx_word' id='word_1_26' title='bbox 419 889 453 927; x_wconf 93' lang='grc' dir='ltr'>τε</span> <span class='ocrx_word' id='word_1_27' title='bbox 466 862 605 944; x_wconf 89' lang='grc' dir='ltr'>λαμπρὸν</span> <span class='ocrx_word' id='word_1_28' title='bbox 620 862 764 942; x_wconf 73' lang='grc' dir='ltr'>ἐκλάμπει</span> <span class='ocrx_word' id='word_1_29' title='bbox 779 862 881 936; x_wconf 70' lang='grc' dir='ltr'>σέλας,</span> 
     </span>
     <span class='ocr_line' id='line_1_6' title="bbox 203 964 873 1048; baseline 0.009 -20"><span class='ocrx_word' id='word_1_30' title='bbox 203 965 336 1048; x_wconf 81' lang='grc' dir='ltr'>χειμῶνά</span> <span class='ocrx_word' id='word_1_31' title='bbox 350 964 374 1029; x_wconf 85' lang='grc' dir='ltr'>τ’</span> <span class='ocrx_word' id='word_1_32' title='bbox 390 968 471 1045; x_wconf 77' lang='grc' dir='ltr'>αὔξει</span> <span class='ocrx_word' id='word_1_33' title='bbox 485 967 631 1033; x_wconf 76' lang='grc' dir='ltr'>συντιθεὶς</span> <span class='ocrx_word' id='word_1_34' title='bbox 645 965 757 1029; x_wconf 83' lang='grc' dir='ltr'>πυκνὸν</span> <span class='ocrx_word' id='word_1_35' title='bbox 772 964 873 1047; x_wconf 76' lang='grc' dir='ltr'>νέφος,</span> 
     </span>
     <span class='ocr_line' id='line_1_7' title="bbox 205 1066 934 1150; baseline 0.001 -20"><span class='ocrx_word' id='word_1_36' title='bbox 205 1066 330 1132; x_wconf 82' lang='grc' dir='ltr'>θόλλειν</span> <span class='ocrx_word' id='word_1_37' title='bbox 343 1094 376 1132; x_wconf 94' lang='grc' dir='ltr'>τε</span> <span class='ocrx_word' id='word_1_38' title='bbox 392 1070 439 1133; x_wconf 86' lang='grc' dir='ltr'>καὶ</span> <span class='ocrx_word' id='word_1_39' title='bbox 452 1069 503 1150; x_wconf 74' lang='grc' dir='ltr'>μὴ,</span> <span class='ocrx_word' id='word_1_40' title='bbox 518 1071 571 1148; x_wconf 71' lang='grc' dir='ltr'>(ἣν</span> <span class='ocrx_word' id='word_1_41' title='bbox 585 1095 618 1133; x_wconf 93' lang='grc' dir='ltr'>τε</span> <span class='ocrx_word' id='word_1_42' title='bbox 634 1069 681 1132; x_wconf 74' lang='grc' dir='ltr'>καὶ</span> <span class='ocrx_word' id='word_1_43' title='bbox 696 1070 816 1150; x_wconf 74' lang='grc' dir='ltr'>φθίνειν</span> <span class='ocrx_word' id='word_1_44' title='bbox 829 1073 916 1133; x_wconf 79' lang='grc' dir='ltr'>ποιεῖ.</span> <span class='ocrx_word' id='word_1_45' title='bbox 932 1115 934 1119; x_wconf 33' lang='lat'><strong>⁴</strong></span> 
     </span>
     <span class='ocr_line' id='line_1_8' title="bbox 204 1171 866 1254; baseline 0 -21"><span class='ocrx_word' id='word_1_46' title='bbox 204 1171 279 1234; x_wconf 77' lang='grc' dir='ltr'>οὕτω</span> <span class='ocrx_word' id='word_1_47' title='bbox 295 1173 327 1234; x_wconf 74' lang='grc' dir='ltr'>δὲ</span> <span class='ocrx_word' id='word_1_48' title='bbox 342 1175 455 1251; x_wconf 78' lang='grc' dir='ltr'>θνητῶν</span> <span class='ocrx_word' id='word_1_49' title='bbox 471 1171 588 1254; x_wconf 75' lang='grc' dir='ltr'>σπέρμα</span> <span class='ocrx_word' id='word_1_50' title='bbox 603 1177 662 1235; x_wconf 91' lang='grc' dir='ltr'>τῶν</span> <span class='ocrx_word' id='word_1_51' title='bbox 675 1173 732 1251; x_wconf 70' lang='grc' dir='ltr'>μὲν</span> <span class='ocrx_word' id='word_1_52' title='bbox 746 1171 866 1254; x_wconf 73' lang='grc' dir='ltr'>α’νιυχεῖ</span> 
     </span>
     <span class='ocr_line' id='line_1_9' title="bbox 203 1273 873 1358; baseline 0.004 -23"><span class='ocrx_word' id='word_1_53' title='bbox 203 1277 325 1358; x_wconf 75' lang='grc' dir='ltr'>λαμπρᾷ</span> <span class='ocrx_word' id='word_1_54' title='bbox 343 1273 469 1356; x_wconf 76' lang='grc' dir='ltr'>γαλήνη,</span> <span class='ocrx_word' id='word_1_55' title='bbox 490 1279 550 1338; x_wconf 91' lang='grc' dir='ltr'>τῶν</span> <span class='ocrx_word' id='word_1_56' title='bbox 564 1276 597 1338; x_wconf 73' lang='grc' dir='ltr'>δὲ</span> <span class='ocrx_word' id='word_1_57' title='bbox 612 1279 760 1355; x_wconf 85' lang='grc' dir='ltr'>συννεφεῖ</span> <span class='ocrx_word' id='word_1_58' title='bbox 770 1273 873 1347; x_wconf 84' lang='grc' dir='ltr'>πόλιν,</span> 
     </span>
     <span class='ocr_line' id='line_1_10' title="bbox 96 1375 860 1456; baseline 0.001 -18"><span class='ocrx_word' id='word_1_59' title='bbox 96 1443 98 1448; x_wconf 70' lang='lat'><em>,</em></span> <span class='ocrx_word' id='word_1_60' title='bbox 205 1376 295 1451; x_wconf 72' lang='grc' dir='ltr'>ζῶσίν</span> <span class='ocrx_word' id='word_1_61' title='bbox 308 1402 341 1440; x_wconf 95' lang='grc' dir='ltr'>τε</span> <span class='ocrx_word' id='word_1_62' title='bbox 356 1377 412 1440; x_wconf 87' lang='grc' dir='ltr'>σὺν</span> <span class='ocrx_word' id='word_1_63' title='bbox 428 1383 572 1450; x_wconf 84' lang='grc' dir='ltr'>κακοῖσιν,</span> <span class='ocrx_word' id='word_1_64' title='bbox 589 1379 618 1440; x_wconf 74' lang='grc' dir='ltr'>οἱ</span> <span class='ocrx_word' id='word_1_65' title='bbox 632 1375 656 1440; x_wconf 93' lang='grc' dir='ltr'>δ’</span> <span class='ocrx_word' id='word_1_66' title='bbox 672 1379 770 1456; x_wconf 84' lang='grc' dir='ltr'>ὄλβου</span> <span class='ocrx_word' id='word_1_67' title='bbox 783 1375 860 1456; x_wconf 76' lang='grc' dir='ltr'>μέτα</span> 
     </span>
     <span class='ocr_line' id='line_1_11' title="bbox 109 1479 890 1561; baseline 0.005 -21"><span class='ocrx_word' id='word_1_68' title='bbox 109 1534 113 1540; x_wconf 94' lang='grc'>.</span> <span class='ocrx_word' id='word_1_69' title='bbox 204 1479 342 1560; x_wconf 84' lang='grc' dir='ltr'>φθίνουσ’</span> <span class='ocrx_word' id='word_1_70' title='bbox 353 1480 457 1546; x_wconf 75' lang='grc' dir='ltr'>ἐτείοις</span> <span class='ocrx_word' id='word_1_71' title='bbox 471 1484 653 1561; x_wconf 81' lang='grc' dir='ltr'>προσφερεῖς</span> <span class='ocrx_word' id='word_1_72' title='bbox 666 1484 890 1561; x_wconf 81' lang='grc' dir='ltr'>μεταλλαγαῖς..</span> 
     </span>
     <span class='ocr_line' id='line_1_12' title="bbox 288 1627 675 1694; baseline 0.003 -1"><span class='ocrx_word' id='word_1_73' title='bbox 288 1642 292 1650; x_wconf 88' lang='grc'><strong>’</strong></span> <span class='ocrx_word' id='word_1_74' title='bbox 655 1627 675 1694; x_wconf 85' lang='grc'><em>5</em></span> 
     </span>
     <span class='ocr_line' id='line_1_13' title="bbox 158 1696 436 1775; baseline 0.004 -20"><span class='ocrx_word' id='word_1_75' title='bbox 158 1696 293 1757; x_wconf 79' lang='lat' dir='ltr'>Stobaeus</span> <span class='ocrx_word' id='word_1_76' title='bbox 312 1714 338 1772; x_wconf 88' lang='lat'>7.</span> <span class='ocrx_word' id='word_1_77' title='bbox 349 1718 377 1775; x_wconf 91' lang='lat' dir='ltr'>p.</span> <span class='ocrx_word' id='word_1_78' title='bbox 388 1698 436 1756; x_wconf 86' lang='grc'>86.</span> 
     </span>
     <span class='ocr_line' id='line_1_14' title="bbox 203 1795 812 1877; baseline -0.003 -20"><span class='ocrx_word' id='word_1_79' title='bbox 203 1798 275 1869; x_wconf 83' lang='grc' dir='ltr'>Φεῦ,</span> <span class='ocrx_word' id='word_1_80' title='bbox 292 1799 371 1857; x_wconf 88' lang='grc' dir='ltr'>τοῖσι</span> <span class='ocrx_word' id='word_1_81' title='bbox 384 1796 569 1876; x_wconf 81' lang='grc' dir='ltr'>γενναίοισιν</span> <span class='ocrx_word' id='word_1_82' title='bbox 584 1795 622 1860; x_wconf 86' lang='grc' dir='ltr'>ῶς</span> <span class='ocrx_word' id='word_1_83' title='bbox 636 1795 812 1877; x_wconf 81' lang='grc' dir='ltr'>ἁπανταχοῦ</span> 
     </span>
    </p>
   </div>
   <div class='ocr_carea' id='block_1_4' title="bbox 204 1895 849 1981">
    <p class='ocr_par' dir='ltr' id='par_1_4' title="bbox 204 1895 849 1981">
     <span class='ocr_line' id='line_1_15' title="bbox 204 1895 849 1981; baseline 0 -22"><span class='ocrx_word' id='word_1_84' title='bbox 204 1896 311 1979; x_wconf 73' lang='grc' dir='ltr'>πρέπει</span> <span class='ocrx_word' id='word_1_85' title='bbox 324 1897 474 1981; x_wconf 68' lang='grc' dir='ltr'>χαρακτὴρ</span> <span class='ocrx_word' id='word_1_86' title='bbox 485 1895 615 1980; x_wconf 85' lang='grc' dir='ltr'>χρηστὸς</span> <span class='ocrx_word' id='word_1_87' title='bbox 631 1897 672 1963; x_wconf 78' lang='grc' dir='ltr'>εἷς</span> <span class='ocrx_word' id='word_1_88' title='bbox 688 1896 849 1979; x_wconf 75' lang='grc' dir='ltr'>εὐψυχίαν.</span> 
     </span>
    </p>
   </div>
   <div class='ocr_carea' id='block_1_5' title="bbox 158 2015 676 2179">
    <p class='ocr_par' dir='ltr' id='par_1_5' title="bbox 158 2015 676 2179">
     <span class='ocr_line' id='line_1_16' title="bbox 158 2015 676 2179; baseline 0.002 -21"><span class='ocrx_word' id='word_1_89' title='bbox 158 2099 292 2160; x_wconf 76' lang='lat' dir='ltr'>Stobaeus</span> <span class='ocrx_word' id='word_1_90' title='bbox 310 2122 354 2159; x_wconf 87' lang='lat'>10.</span> <span class='ocrx_word' id='word_1_91' title='bbox 366 2122 395 2179; x_wconf 88' lang='lat' dir='ltr'>p.</span> <span class='ocrx_word' id='word_1_92' title='bbox 408 2118 474 2176; x_wconf 83' lang='lat'><strong>127.</strong></span> <span class='ocrx_word' id='word_1_93' title='bbox 656 2015 676 2077; x_wconf 70' lang='lat'>6</span> 
     </span>
    </p>
   </div>
   <div class='ocr_carea' id='block_1_6' title="bbox 157 2194 914 2991">
    <p class='ocr_par' dir='ltr' id='par_1_6' title="bbox 204 2194 914 2281">
     <span class='ocr_line' id='line_1_17' title="bbox 204 2194 914 2281; baseline 0 -21"><span class='ocrx_word' id='word_1_94' title='bbox 204 2199 362 2278; x_wconf 80' lang='grc' dir='ltr'>Κρεόσσων</span> <span class='ocrx_word' id='word_1_95' title='bbox 376 2201 434 2281; x_wconf 76' lang='grc' dir='ltr'>γὰρ</span> <span class='ocrx_word' id='word_1_96' title='bbox 448 2200 526 2264; x_wconf 82' lang='grc' dir='ltr'>οὔτις</span> <span class='ocrx_word' id='word_1_97' title='bbox 536 2194 694 2281; x_wconf 77' lang='grc' dir='ltr'>χρημάτων</span> <span class='ocrx_word' id='word_1_98' title='bbox 707 2194 814 2278; x_wconf 78' lang='grc' dir='ltr'>πέφυκ’</span> <span class='ocrx_word' id='word_1_99' title='bbox 831 2197 914 2280; x_wconf 75' lang='grc' dir='ltr'>ἀνὴρ,</span> 
     </span>
    </p>

    <p class='ocr_par' dir='ltr' id='par_1_7' title="bbox 157 2298 908 2585">
     <span class='ocr_line' id='line_1_18' title="bbox 201 2298 908 2382; baseline 0 -20"><span class='ocrx_word' id='word_1_100' title='bbox 201 2300 282 2379; x_wconf 76' lang='grc' dir='ltr'>πλὴν</span> <span class='ocrx_word' id='word_1_101' title='bbox 296 2303 386 2368; x_wconf 77' lang='grc' dir='ltr'>εἴτις·</span> <span class='ocrx_word' id='word_1_102' title='bbox 414 2301 496 2367; x_wconf 81' lang='grc' dir='ltr'>ὅστις</span> <span class='ocrx_word' id='word_1_103' title='bbox 511 2299 534 2363; x_wconf 86' lang='grc' dir='ltr'>δ’</span> <span class='ocrx_word' id='word_1_104' title='bbox 557 2299 642 2366; x_wconf 77' lang='grc' dir='ltr'>οὗτός</span> <span class='ocrx_word' id='word_1_105' title='bbox 658 2300 751 2377; x_wconf 76' lang='grc' dir='ltr'>ἐστιν,</span> <span class='ocrx_word' id='word_1_106' title='bbox 767 2298 825 2382; x_wconf 75' lang='grc' dir='ltr'>οὐχ</span> <span class='ocrx_word' id='word_1_107' title='bbox 839 2301 908 2381; x_wconf 86' lang='grc' dir='ltr'>ὁρῶ.</span> 
     </span>
     <span class='ocr_line' id='line_1_19' title="bbox 157 2437 670 2585; baseline 0.01 -22"><span class='ocrx_word' id='word_1_108' title='bbox 157 2504 292 2564; x_wconf 77' lang='lat' dir='ltr'><strong>Stoboeus</strong></span> <span class='ocrx_word' id='word_1_109' title='bbox 308 2507 352 2566; x_wconf 88' lang='lat'>16.</span> <span class='ocrx_word' id='word_1_110' title='bbox 364 2528 394 2585; x_wconf 85' lang='lat' dir='ltr'>p.</span> <span class='ocrx_word' id='word_1_111' title='bbox 412 2524 476 2584; x_wconf 85' lang='lat'><strong>153.</strong></span> <span class='ocrx_word' id='word_1_112' title='bbox 654 2437 670 2500; x_wconf 75' lang='grc'><em>7</em></span> 
     </span>
    </p>

    <p class='ocr_par' dir='ltr' id='par_1_8' title="bbox 195 2598 852 2684">
     <span class='ocr_line' id='line_1_20' title="bbox 195 2598 852 2684; baseline 0.006 -19"><span class='ocrx_word' id='word_1_113' title='bbox 195 2598 305 2669; x_wconf 84' lang='grc' dir='ltr'>Ὀστις</span> <span class='ocrx_word' id='word_1_114' title='bbox 318 2604 424 2683; x_wconf 87' lang='grc' dir='ltr'>δόμους</span> <span class='ocrx_word' id='word_1_115' title='bbox 437 2606 493 2683; x_wconf 74' lang='grc' dir='ltr'>μὲν</span> <span class='ocrx_word' id='word_1_116' title='bbox 506 2604 607 2682; x_wconf 77' lang='grc' dir='ltr'>ἥδεται</span> <span class='ocrx_word' id='word_1_117' title='bbox 620 2601 852 2684; x_wconf 76' lang='grc' dir='ltr'>πληρουμένους,</span> 
     </span>
    </p>

    <p class='ocr_par' dir='ltr' id='par_1_9' title="bbox 201 2705 890 2789">
     <span class='ocr_line' id='line_1_21' title="bbox 201 2705 890 2789; baseline 0 -21"><span class='ocrx_word' id='word_1_118' title='bbox 201 2705 331 2787; x_wconf 87' lang='grc' dir='ltr'>γαστρδς</span> <span class='ocrx_word' id='word_1_119' title='bbox 345 2705 369 2770; x_wconf 91' lang='grc' dir='ltr'>δ’</span> <span class='ocrx_word' id='word_1_120' title='bbox 386 2707 521 2789; x_wconf 79' lang='grc' dir='ltr'>ἀφαιρῶν</span> <span class='ocrx_word' id='word_1_121' title='bbox 536 2711 622 2786; x_wconf 91' lang='grc' dir='ltr'>σῶμα</span> <span class='ocrx_word' id='word_1_122' title='bbox 636 2707 782 2785; x_wconf 77' lang='grc' dir='ltr'>δύστηνον</span> <span class='ocrx_word' id='word_1_123' title='bbox 798 2710 890 2778; x_wconf 85' lang='grc' dir='ltr'>κακοῖ,</span> 
     </span>
    </p>

    <p class='ocr_par' dir='ltr' id='par_1_10' title="bbox 201 2805 808 2887">
     <span class='ocr_line' id='line_1_22' title="bbox 201 2805 808 2887; baseline 0.002 -18"><span class='ocrx_word' id='word_1_124' title='bbox 201 2810 306 2871; x_wconf 79' lang='grc' dir='ltr'>τοῦτον</span> <span class='ocrx_word' id='word_1_125' title='bbox 321 2810 426 2887; x_wconf 77' lang='grc' dir='ltr'>νομίζω</span> <span class='ocrx_word' id='word_1_126' title='bbox 442 2809 490 2872; x_wconf 84' lang='grc' dir='ltr'>καὶ</span> <span class='ocrx_word' id='word_1_127' title='bbox 505 2812 581 2873; x_wconf 88' lang='grc' dir='ltr'>θεῶν</span> <span class='ocrx_word' id='word_1_128' title='bbox 595 2812 693 2872; x_wconf 86' lang='grc' dir='ltr'>συλῶν</span> <span class='ocrx_word' id='word_1_129' title='bbox 704 2805 808 2887; x_wconf 74' lang='grc' dir='ltr'>βρέτη,</span> 
     </span>
    </p>

    <p class='ocr_par' dir='ltr' id='par_1_11' title="bbox 201 2908 827 2991">
     <span class='ocr_line' id='line_1_23' title="bbox 201 2908 827 2991; baseline 0.003 -21"><span class='ocrx_word' id='word_1_130' title='bbox 201 2914 262 2976; x_wconf 84' lang='grc' dir='ltr'>τοῖς</span> <span class='ocrx_word' id='word_1_131' title='bbox 276 2911 431 2991; x_wconf 80' lang='grc' dir='ltr'>φιλτάτοις</span> <span class='ocrx_word' id='word_1_132' title='bbox 444 2936 477 2974; x_wconf 93' lang='grc' dir='ltr'>τε</span> <span class='ocrx_word' id='word_1_133' title='bbox 491 2910 637 2990; x_wconf 70' lang='grc' dir='ltr'>πολέμιον</span> <span class='ocrx_word' id='word_1_134' title='bbox 650 2908 827 2991; x_wconf 80' lang='grc' dir='ltr'>πεφυκέναι.</span> 
     </span>
    </p>
   </div>
   <div class='ocr_carea' id='block_1_7' title="bbox 156 3029 673 3195">
    <p class='ocr_par' dir='ltr' id='par_1_12' title="bbox 156 3029 673 3195">
     <span class='ocr_line' id='line_1_24' title="bbox 156 3029 673 3195; baseline -0.004 -19"><span class='ocrx_word' id='word_1_135' title='bbox 156 3116 291 3176; x_wconf 84' lang='lat' dir='ltr'>Stobaeus</span> <span class='ocrx_word' id='word_1_136' title='bbox 302 3117 352 3176; x_wconf 85' lang='lat'>62.</span> <span class='ocrx_word' id='word_1_137' title='bbox 367 3138 396 3195; x_wconf 90' lang='lat' dir='ltr'>p.</span> <span class='ocrx_word' id='word_1_138' title='bbox 409 3118 479 3194; x_wconf 83' lang='lat'><strong>398.</strong></span> <span class='ocrx_word' id='word_1_139' title='bbox 654 3029 673 3090; x_wconf 77' lang='grc'><strong>8</strong></span> 
     </span>
    </p>
   </div>
   <div class='ocr_carea' id='block_1_8' title="bbox 195 3213 869 3707">
    <p class='ocr_par' dir='ltr' id='par_1_13' title="bbox 195 3213 869 3707">
     <span class='ocr_line' id='line_1_25' title="bbox 195 3213 833 3298; baseline -0.005 -18"><span class='ocrx_word' id='word_1_140' title='bbox 195 3213 293 3298; x_wconf 82' lang='grc' dir='ltr'>Ἔρος</span> <span class='ocrx_word' id='word_1_141' title='bbox 306 3219 365 3298; x_wconf 74' lang='grc' dir='ltr'>γὰρ</span> <span class='ocrx_word' id='word_1_142' title='bbox 379 3215 475 3298; x_wconf 83' lang='grc' dir='ltr'>δργδυ</span> <span class='ocrx_word' id='word_1_143' title='bbox 490 3216 560 3280; x_wconf 82' lang='grc' dir='ltr'>κᾶπὶ</span> <span class='ocrx_word' id='word_1_144' title='bbox 570 3220 632 3281; x_wconf 82' lang='grc' dir='ltr'>τοῖς</span> <span class='ocrx_word' id='word_1_145' title='bbox 646 3215 749 3296; x_wconf 79' lang='grc' dir='ltr'>ἀργοῖς</span> <span class='ocrx_word' id='word_1_146' title='bbox 764 3213 833 3294; x_wconf 82' lang='grc' dir='ltr'>ἔφυ·</span> 
     </span>
     <span class='ocr_line' id='line_1_26' title="bbox 200 3316 826 3401; baseline -0.003 -20"><span class='ocrx_word' id='word_1_147' title='bbox 200 3323 288 3400; x_wconf 82' lang='grc' dir='ltr'>φιλεῖ</span> <span class='ocrx_word' id='word_1_148' title='bbox 300 3317 449 3401; x_wconf 88' lang='grc' dir='ltr'>κότοπτρα</span> <span class='ocrx_word' id='word_1_149' title='bbox 464 3318 511 3381; x_wconf 78' lang='grc' dir='ltr'>καὶ</span> <span class='ocrx_word' id='word_1_150' title='bbox 525 3317 614 3396; x_wconf 86' lang='grc' dir='ltr'>κόμης</span> <span class='ocrx_word' id='word_1_151' title='bbox 628 3316 826 3394; x_wconf 72' lang='grc' dir='ltr'>ξανθίσματα,</span> 
     </span>
     <span class='ocr_line' id='line_1_27' title="bbox 200 3416 847 3504; baseline -0.011 -18"><span class='ocrx_word' id='word_1_152' title='bbox 200 3422 307 3503; x_wconf 76' lang='grc' dir='ltr'>φεόγει</span> <span class='ocrx_word' id='word_1_153' title='bbox 322 3423 354 3484; x_wconf 75' lang='grc' dir='ltr'>δὲ</span> <span class='ocrx_word' id='word_1_154' title='bbox 368 3422 506 3504; x_wconf 82' lang='grc' dir='ltr'>μόχθους.</span> <span class='ocrx_word' id='word_1_155' title='bbox 530 3419 564 3483; x_wconf 67' lang='grc' dir='ltr'>ἓν</span> <span class='ocrx_word' id='word_1_156' title='bbox 575 3416 608 3482; x_wconf 75' lang='grc' dir='ltr'>δέ</span> <span class='ocrx_word' id='word_1_157' title='bbox 617 3443 667 3496; x_wconf 90' lang='grc' dir='ltr'>μοι</span> <span class='ocrx_word' id='word_1_158' title='bbox 682 3416 847 3497; x_wconf 81' lang='grc' dir='ltr'>τεκμήριον·</span> 
     </span>
     <span class='ocr_line' id='line_1_28' title="bbox 199 3518 869 3605; baseline -0.009 -18"><span class='ocrx_word' id='word_1_159' title='bbox 199 3523 294 3590; x_wconf 71' lang='grc' dir='ltr'>οὐδεὶς</span> <span class='ocrx_word' id='word_1_160' title='bbox 306 3528 476 3605; x_wconf 88' lang='grc' dir='ltr'>προσαιτῶν</span> <span class='ocrx_word' id='word_1_161' title='bbox 490 3522 596 3600; x_wconf 80' lang='grc' dir='ltr'>βίοτον</span> <span class='ocrx_word' id='word_1_162' title='bbox 610 3518 726 3602; x_wconf 82' lang='grc' dir='ltr'>ἠράσθη</span> <span class='ocrx_word' id='word_1_163' title='bbox 740 3524 869 3600; x_wconf 88' lang='grc' dir='ltr'>βροτῶν,</span> 
     </span>
     <span class='ocr_line' id='line_1_29' title="bbox 201 3618 814 3707; baseline -0.011 -19"><span class='ocrx_word' id='word_1_164' title='bbox 201 3626 235 3688; x_wconf 77' lang='grc' dir='ltr'>ἐν</span> <span class='ocrx_word' id='word_1_165' title='bbox 245 3630 307 3691; x_wconf 78' lang='grc' dir='ltr'>τοῖς</span> <span class='ocrx_word' id='word_1_166' title='bbox 320 3623 344 3688; x_wconf 91' lang='grc' dir='ltr'>δ’</span> <span class='ocrx_word' id='word_1_167' title='bbox 362 3624 486 3707; x_wconf 81' lang='grc' dir='ltr'>ἔχουσιν</span> <span class='ocrx_word' id='word_1_168' title='bbox 500 3622 611 3703; x_wconf 80' lang='grc' dir='ltr'>ἡβητὴς</span> <span class='ocrx_word' id='word_1_169' title='bbox 626 3618 737 3704; x_wconf 77' lang='grc' dir='ltr'>πέφυχ’</span> <span class='ocrx_word' id='word_1_170' title='bbox 754 3621 814 3685; x_wconf 84' lang='grc' dir='ltr'>ὅδε.</span> 
     </span>
    </p>
   </div>
   <div class='ocr_carea' id='block_1_9' title="bbox 112 3721 1214 3905">
    <p class='ocr_par' dir='ltr' id='par_1_14' title="bbox 112 3721 1214 3905">
     <span class='ocr_line' id='line_1_30' title="bbox 113 3721 1214 3803; baseline -0.007 -16"><span class='ocrx_word' id='word_1_171' title='bbox 113 3729 150 3787; x_wconf 93' lang='lat' dir='ltr'>V.</span> <span class='ocrx_word' id='word_1_172' title='bbox 170 3747 195 3788; x_wconf 88' lang='lat'>1.</span> <span class='ocrx_word' id='word_1_173' title='bbox 218 3730 308 3803; x_wconf 78' lang='grc' dir='ltr'>ἀργοῖς</span> <span class='ocrx_word' id='word_1_174' title='bbox 328 3729 492 3786; x_wconf 79' lang='lat' dir='ltr'><strong>Piersonus.</strong></span> <span class='ocrx_word' id='word_1_175' title='bbox 536 3727 670 3785; x_wconf 81' lang='lat' dir='ltr'>Stobaeus</span> <span class='ocrx_word' id='word_1_176' title='bbox 692 3729 786 3799; x_wconf 75' lang='grc' dir='ltr'>ἔργοις.</span> <span class='ocrx_word' id='word_1_177' title='bbox 810 3727 870 3783; x_wconf 72' lang='grc' dir='ltr'>κάπὶ</span> <span class='ocrx_word' id='word_1_178' title='bbox 893 3723 1020 3782; x_wconf 73' lang='grc' dir='ltr'>τοιούτοις</span> <span class='ocrx_word' id='word_1_179' title='bbox 1044 3721 1214 3783; x_wconf 80' lang='lat' dir='ltr'>Plutarchus</span> 
     </span>
     <span class='ocr_line' id='line_1_31' title="bbox 112 3824 614 3905; baseline -0.012 -18"><span class='ocrx_word' id='word_1_180' title='bbox 112 3828 220 3887; x_wconf 80' lang='grc' dir='ltr'>Μοιυιλ</span> <span class='ocrx_word' id='word_1_181' title='bbox 235 3848 265 3905; x_wconf 85' lang='lat' dir='ltr'>p.</span> <span class='ocrx_word' id='word_1_182' title='bbox 281 3843 338 3904; x_wconf 84' lang='lat'>757</span> <span class='ocrx_word' id='word_1_183' title='bbox 354 3847 381 3885; x_wconf 89' lang='grc' dir='ltr'>α.</span> <span class='ocrx_word' id='word_1_184' title='bbox 399 3827 478 3899; x_wconf 87' lang='lat' dir='ltr'><strong>(coll.</strong></span> <span class='ocrx_word' id='word_1_185' title='bbox 497 3826 554 3900; x_wconf 89' lang='lat'>760</span> <span class='ocrx_word' id='word_1_186' title='bbox 569 3824 614 3901; x_wconf 92' lang='lat' dir='ltr'>d.)</span> 
     </span>
    </p>
   </div>
   <div class='ocr_carea' id='block_1_10' title="bbox 154 3955 673 4101">
    <p class='ocr_par' dir='ltr' id='par_1_15' title="bbox 154 3955 673 4101">
     <span class='ocr_line' id='line_1_32' title="bbox 154 3955 673 4101; baseline -0.012 -17"><span class='ocrx_word' id='word_1_187' title='bbox 154 4025 288 4084; x_wconf 77' lang='lat' dir='ltr'>Stobaeus</span> <span class='ocrx_word' id='word_1_188' title='bbox 304 4041 352 4101; x_wconf 85' lang='lat'>75.</span> <span class='ocrx_word' id='word_1_189' title='bbox 364 4044 394 4101; x_wconf 91' lang='lat' dir='ltr'>p.</span> <span class='ocrx_word' id='word_1_190' title='bbox 408 4037 480 4099; x_wconf 83' lang='lat'><strong>452.</strong></span> <span class='ocrx_word' id='word_1_191' title='bbox 653 3955 673 4020; x_wconf 77' lang='lat'>9</span> 
     </span>
    </p>
   </div>
   <div class='ocr_carea' id='block_1_11' title="bbox 198 4116 864 4381">
    <p class='ocr_par' dir='ltr' id='par_1_16' title="bbox 198 4116 864 4381">
     <span class='ocr_line' id='line_1_33' title="bbox 198 4116 799 4204; baseline -0.013 -18"><span class='ocrx_word' id='word_1_192' title='bbox 198 4122 277 4200; x_wconf 76' lang='grc' dir='ltr'>Γυνὴ</span> <span class='ocrx_word' id='word_1_193' title='bbox 291 4123 349 4203; x_wconf 81' lang='grc' dir='ltr'>γδρ</span> <span class='ocrx_word' id='word_1_194' title='bbox 364 4121 529 4199; x_wconf 72' lang='grc' dir='ltr'>ἐξελθοῦσα</span> <span class='ocrx_word' id='word_1_195' title='bbox 543 4116 687 4204; x_wconf 82' lang='grc' dir='ltr'>πατρφοιν</span> <span class='ocrx_word' id='word_1_196' title='bbox 702 4117 799 4195; x_wconf 75' lang='grc' dir='ltr'>δόμων</span> 
     </span>
     <span class='ocr_line' id='line_1_34' title="bbox 198 4218 864 4301; baseline -0.003 -15"><span class='ocrx_word' id='word_1_197' title='bbox 198 4223 302 4287; x_wconf 76' lang='grc' dir='ltr'>αὐτῶν</span> <span class='ocrx_word' id='word_1_198' title='bbox 316 4223 462 4287; x_wconf 85' lang='grc' dir='ltr'>τεκόντων</span> <span class='ocrx_word' id='word_1_199' title='bbox 476 4221 570 4296; x_wconf 75' lang='grc' dir='ltr'>ἐστὶν,</span> <span class='ocrx_word' id='word_1_200' title='bbox 587 4222 667 4285; x_wconf 77' lang='grc' dir='ltr'>ἀλλὰ</span> <span class='ocrx_word' id='word_1_201' title='bbox 681 4222 733 4281; x_wconf 81' lang='grc' dir='ltr'>τοῦ</span> <span class='ocrx_word' id='word_1_202' title='bbox 747 4218 864 4301; x_wconf 73' lang='grc' dir='ltr'>λέχους·</span> 
     </span>
     <span class='ocr_line' id='line_1_35' title="bbox 601 4341 679 4381; baseline 0 -1"><span class='ocrx_word' id='word_1_203' title='bbox 601 4343 619 4380; x_wconf 78' lang='grc' dir='ltr'>τι</span> <span class='ocrx_word' id='word_1_204' title='bbox 634 4341 650 4381; x_wconf 88' lang='grc' dir='ltr'>ο</span> <span class='ocrx_word' id='word_1_205' title='bbox 664 4341 679 4380; x_wconf 82' lang='lat'>2</span> 
     </span>
    </p>
   </div>
   <div class='ocr_carea' id='block_1_12' title="bbox 0 0 1426 4882">
    <p class='ocr_par' dir='ltr' id='par_1_17' title="bbox 0 0 1426 4882">
     <span class='ocr_line' id='line_1_36' title="bbox 0 0 1426 4882; baseline 0 1"><span class='ocrx_word' id='word_1_206' title='bbox 0 0 1426 4882; x_wconf 95' lang='lat' dir='ltr'> </span> 
     </span>
    </p>
   </div>
  </div>
 </body>
</html>
