2850 4898
165 282 230 349 902
618 291 846 354 ΕΥΡΙΠΙΔΟΥ

209 537 382 595 Plutarchus
396 538 503 595 Moral.
519 558 548 614 p.
559 539 618 616 556
633 560 659 598 α.
691 455 741 612 ίΐγὸς
763 543 844 603 Ἰνοῦς
868 547 896 601 ἐν
917 551 972 605 τοῖς
995 550 1113 623 θεάτροις
1133 550 1266 624 λεγούσης

165 633 290 707 άκοὺομεν
302 636 345 709 ἐφ’
358 634 397 694 οἶς
409 638 505 710 ἔδρασε
517 640 731 711 μεταμελομίνορς,

250 732 343 795 Φίλαι
357 737 502 814 γυναῖκες,
518 739 579 800 πῶς
593 732 631 797 άν
645 736 678 814 ἐξ
693 736 785 818 ἀρχῆς
799 738 905 817 δόμους

249 831 435 913 Ἀθάμαντος
449 833 609 915 οἰκήσαιμι,
624 842 683 900 τῶν
696 838 913 920 πεπραγμένων

249 935 386 1017 δράσασα
398 936 502 1017 μηδέν.

693 1079 731 1141 Ι9

205 1145 340 1204 Stobaeus
358 1164 423 1220 ¹03·
438 1165 466 1221 p.
476 1145 546 1221 561.

242 1239 396 1314 Ἀνασσο,
412 1247 539 1308 πολλοῖς
553 1243 637 1305 ἔστιν
652 1242 814 1322 ἀνθρώπων
826 1247 910 1317 κακὰ,

246 1349 307 1410 τοῖς
321 1341 345 1407 δ’
362 1344 427 1424 άρτι
441 1343 537 1425 λήγει,
553 1349 615 1410 τοῖς
629 1345 661 1407 δὲ
674 1346 806 1412 κίνδυνος
818 1353 933 1424 μολεῖν.

248 1447 353 1511 κύκλος
366 1449 424 1527 γὰρ
440 1445 527 1512 αὑτὸς
542 1447 694 1527 καρπίμοις
709 1472 742 1510 τε
756 1451 810 1529 γῆς
824 1455 927 1530 φυτοῖς

246 1553 360 1628 θνητῶν
373 1572 407 1612 τε
420 1552 522 1631 γενεᾷ·
546 1553 608 1615 τοῖς
620 1549 677 1627 μὲν
692 1550 810 1628 αὔξεται
822 1551 899 1630 βίος,

245 1656 303 1714 τῶν
318 1653 350 1714 δὲ
365 1651 466 1731 φθίνει
480 1675 513 1713 τε
529 1651 576 1714 καὶ
591 1653 733 1732 θερίζεται
746 1650 848 1716 πάλιν.

159 1753 196 1813 V.
207 1770 297 1830 5-5.
333 1755 504 1813 Plutarchus
518 1755 624 1813 Mol-al.
640 1776 669 1834 p.
686 1775 742 1830 104
756 1757 783 1814 b.
814 1757 848 1814 V.
865 1776 892 1832 3.
908 1759 1040 1817 Stobaeus
1055 1759 1139 1837 κθκλφ
1150 1764 1202 1835 γὰρ
1216 1763 1257 1837 ἔρ-

157 1873 210 1908 πᾶ.

198 2060 331 2118 Stobaeus
347 2079 410 2135 109.
427 2081 454 2137 p.
460 2062 530 2136 580.
691 1994 731 2037 20

243 2154 298 2220 'Ev
313 2157 435 2220 ε’λπίσιν
448 2156 506 2239 χρὴ
520 2157 587 2223 τοὺς
602 2159 716 2239 σοφοὺς
731 2159 814 2241 ἔχειν
828 2162 909 2239 βίον.

197 2379 332 2438 Stoboeus
345 2378 464 2436 ibidem.
688 2309 724 2353 21

241 2471 318 2552 Μήτ’
336 2473 502 2556 εὐτυχοῦσα
516 2477 618 2535 πᾶσαν
631 2473 718 2552 ἡνίαν
732 2473 824 2557 χάλα,

241 2581 333 2642 κακῶς
347 2601 380 2639 τε
395 2573 562 2656 πράσσουσ’
580 2577 699 2643 ἐλπίδος
715 2581 816 2656 κεδνῆς
831 2578 913 2661 ἔχου.

196 2778 331 2839 Stobaeus
350 2781 538 2859 123.p.615.
690 2713 730 2762 22

241 2879 396 2958 Γίγνωσκε
411 2877 609 2959 τάνθρώπεια,
625 2876 689 2957 μηδ’
706 2878 891 2960 ὑπερμέτρους

239 2979 337 3061 ἄλγει·
363 2985 461 3047 κακοῖς
475 2983 534 3062 γὰρ
548 2980 583 3044 οὔ
598 2981 636 3044 οὑ
650 2983 828 3061 πρόσκεισαι
844 2981 928 3060 μόνη.

688 3117 726 3184 23

196 3182 330 3243 Stobaeus
348 3204 451 3263 ¹03·P·
468 3202 537 3261 559.

238 3279 343 3365 Ὁρᾷς,
357 3280 516 3361 τυράννους
531 3285 578 3345 διὰ
591 3285 711 3362 μακρῶν
724 3282 902 3361 ηὑξημένους

239 3386 277 3451 ὡς
298 3385 386 3464 μικρὰ
400 3386 438 3446 τὸ
453 3382 643 3464 σφάλλοντα,
663 3383 710 3446 καὶ
723 3382 773 3462 μί’
788 3382 882 3464 ἡμέρα

239 3486 292 3550 τὸν
306 3488 363 3565 μὲν
380 3489 517 3549 καθεῖλεν
530 3486 656 3566 ὑψόθεν,
673 3485 726 3550 τὸν
742 3484 765 3548 δ’
780 3483 826 3567 ἦρ’
843 3487 914 3550 άνω.

236 3589 399 3668 ὑπόπτερος
413 3585 437 3649 δ’
453 3588 470 3649 θ
483 3591 620 3654 πλοῦτος·
643 3590 686 3655 οῖς
700 3591 759 3670 γὰρ
773 3589 810 3668 ἦν
824 3615 907 3663 ποτε,

237 3693 269 3770 ἐξ
286 3691 415 3753 ἐλπιδων
430 3690 592 3756 πίπτοντας
605 3691 724 3758 ὑπτίους
739 3693 806 3772 ὁρῶ.

149 3796 186 3853 V.
203 3815 227 3854 1.
248 3796 380 3853 philostr.
396 3795 447 3852 vit.
463 3795 559 3871 Apoll.
571 3795 640 3862 VII,
652 3817 681 3868 4.
701 3796 732 3852 ‘0
749 3797 886 3870 ὑποκριτὴς
899 3798 945 3868 ἤδη
960 3797 1075 3870 ε’πέραινε
1093 3798 1126 3851 τῶ
1147 3797 1252 3866 ἰαμβεῖα

150 3892 207 3967 (ἐπὶ
220 3898 252 3963 τῇ
264 3894 327 3949 Ἰνοῖ
335 3897 372 3969 τῷ
385 3893 521 3967 δράματι),
536 3894 564 3947 ἐν
574 3889 612 3949 οἷς
626 3896 641 3946 ό
655 3895 794 3968 Εὑριπίδης
804 3896 846 3950 διὰ
854 3900 957 3965 μακρῶν
968 3895 1124 3965 αὐξηθέντας
1136 3893 1196 3950 τοὺς
1205 3915 1252 3948 τν-

147 3990 421 4065 ράννσυςὰλίσκεσθαί
431 3991 574 4062 φησινὺπδ
584 3996 689 4064 μικρῶν.
712 3991 846 4049 Stobaeus
860 3991 1026 4068 ἦσκημένονς.
1041 3990 1080 4050 V.
1091 4008 1117 4046 2.
1131 4007 1160 4064 3.
1185 3989 1252 4047 Plu-

148 4088 265 4146 tarchus
273 4087 380 4144 Moral.
389 4106 417 4162 p.
435 4105 491 4160 104
502 4106 528 4144 a.
550 4088 588 4145 V.
599 4106 626 4161 5.
649 4089 730 4146 Philo
744 4108 773 4164 p.
785 4089 843 4164 588
858 4109 884 4147 c.
904 4091 939 4145 ‘H
952 4093 998 4161 μίσ
1010 4091 1070 4164 γὰρ,
1086 4089 1121 4145 ὣς
1133 4090 1185 4160 ἔφη
1199 4110 1248 4156 τις,

147 4187 227 4259 ἡμέρα
240 4187 287 4240 τὸν
299 4186 346 4254 μὲν
360 4186 477 4240 καθεῖλεν
490 4186 601 4256 ὑψόθεν,
616 4189 662 4241 τόν
683 4187 706 4243 δ’
725 4183 764 4259 Ιἦρ’
783 4188 843 4244 ἄνω.
877 4188 921 4245 Io.
935 4188 1034 4264 Lydus
1047 4187 1084 4245 de
1099 4183 1248 4243 mensibus

145 4301 174 4357 p.
186 4280 235 4337 61.
261 4281 306 4338 ed.
322 4279 437 4338 Schow.
