2850 4898
164 304 167 308 ·
205 279 270 340 858
647 283 874 343 ΕΥΡΙΠΙΔΟΥ

205 450 349 526 ἐμονῴδουν
362 453 402 506 καὶ
415 452 462 521 τὴν
474 455 522 506 τοῦ
535 453 658 524 Περσέως
670 452 748 524 ῥῆσιν
761 455 788 508 ε’ν
801 456 875 524 μελει
889 454 1035 527 διεξῄεσαν,
1050 457 1092 510 καί
1101 455 1186 525 μεστὴ
1194 452 1225 522 ἦν
1234 455 1251 523 ἦ
1259 458 1312 510 πό-

204 552 247 606 λις
261 550 353 621 ῶχρῶν
362 549 481 603 ἁπάντων
495 551 536 603 καὶ
546 553 649 605 λεπτῶν
662 554 714 605 τῶν
728 551 872 620 ἑβδομαίων
884 553 987 608 ε’κείνων
1000 553 1150 627 τραγῳδῶν,

292 642 335 706 Σὺ
350 640 385 720 δ’,
399 640 422 704 ῶ
436 647 512 706 θεῶν
526 640 652 724 τύραννε
664 644 844 724 κάνθρώπων
853 643 952 726 Ἔρως

205 750 247 803 καὶ
259 748 353 804 τᾶλλα.
376 746 510 805 Stobaeus
525 746 573 803 62.
584 768 614 824 p.
628 765 696 822 399.

293 842 334 905 Σὺ
349 843 385 920 δ’,
397 840 420 904 ῶ
434 840 554 905 κάκιστε
567 841 688 906 πάντων
703 848 779 906 θεῶν
793 868 827 906 τε
842 846 1032 926 κάνθρώπων,

290 941 309 1022 ἢ
323 944 363 1023 μὴ
378 944 497 1007 διδασκε
512 947 549 1007 τὰ
564 948 639 1007 κακὰ
653 946 815 1026 φαίνεσθαι
831 950 917 1020 καλδ,

290 1042 308 1123 ἢ
323 1049 385 1109 τοῖς
399 1046 507 1125 ἐρῶσιν
522 1047 645 1124 εὐμενὴς
658 1047 837 1127 παρίστασο.

244 1252 391 1328 Diogenes
406 1251 439 1308 L.
457 1251 509 1318 IV,
523 1269 571 1326 29.
596 1185 769 1324 Ἀρκεσιλιίοῗι
783 1256 906 1327 Κράντωρ
920 1255 1046 1328 ι’ριντικῶς
1059 1255 1183 1311 διατεθεὶς
1197 1253 1311 1310 ἐπύθετο

203 1352 236 1406 νδ
249 1352 279 1422 ἐξ
291 1349 462 1422 Ἀνδρομέδας
475 1352 617 1423 Εὐριπίδου
629 1353 867 1424 προσενεγκάμενος

284 1440 330 1506 Ὠ
344 1443 477 1525 παρθέν’,
495 1448 522 1508 εί
536 1446 669 1524 σῶσαιμί
680 1444 720 1518 α’,
737 1448 812 1509 εἴσει
826 1472 876 1526 μοι
890 1445 993 1529 χάριν;

203 1553 244 1607 καί
257 1551 286 1608 δς
299 1552 332 1604 τὰ
345 1551 455 1623 ε’χόμενα
469 1549 575 1623 “'Ayov
588 1573 631 1619 με,
647 1544 668 1603 αί
681 1551 747 1620 ξένε,
764 1549 816 1605 ε’ίτε
830 1550 918 1622 δμωίδ’
931 1552 1029 1607 ε’θέλεις
1043 1549 1088 1604 εἴτ’
1104 1547 1228 1620 ίῖλοχον.”
1238 1545 1307 1604 Sui-

203 1647 264 1712 das,
276 1645 358 1716 Είσρι
373 1649 474 1720 γνώσῃ,
489 1647 597 1718 λογίσῃ.
613 1647 761 1719 Εὐριπίδης,
776 1650 799 1703 εἷ
810 1649 927 1718 σώσαιμί
937 1670 969 1702 σε
982 1648 1013 1718 ἐξ
1024 1639 1228 1719 Ἀνδρομέδαςῶ
1241 1667 1309 1718 παρ-

202 1747 269 1811 θένε,
285 1745 344 1814 εἴσῃ
357 1767 402 1817 μοι
415 1747 500 1818 χάριν.
521 1745 685 1820 corruptius
709 1746 798 1803 etiam
820 1745 911 1802 schol.
925 1743 1007 1801 Med.
1016 1758 1054 1816 47
1058 1760 1087 1816 3.
1128 1741 1309 1815 πορθινεῦσης

202 1843 254 1915 ἔξει
266 1866 310 1914 μοι
323 1845 400 1915 χάριν
414 1861 449 1899 ex
462 1842 579 1900 Eubulo
594 1842 717 1900 comico.
761 1842 798 1900 V.
811 1860 838 1899 2.
866 1841 972 1899 δαίδας
985 1860 1014 1896 v.
1030 1840 1137 1911 ἄλοχος.
1161 1838 1306 1895 Herodia-

201 1959 257 1997 nus
270 1942 329 2012 περὶ
343 1941 483 2011 σχημάτων
497 1959 526 2015 p.
540 1939 589 2014 58,
600 1957 628 2015 9.
643 1942 713 2013 παρὰ
726 1944 763 2016 τῷ
775 1940 901 2013 Εὐριπίδῃ
915 1939 1099 2011 παρεισάγεται
1114 1937 1128 2005 ἡ
1146 1935 1308 2008 Ἀνδρομέδα

200 2039 316 2110 λέγουσα
329 2040 367 2112 τῷ
380 2041 478 2109 Περσεῖ

282 2128 379 2210 Ἀγον
395 2128 428 2193 δέ
442 2127 482 2209 μ’,
499 2125 521 2191 ῶ
536 2128 605 2207 ξέν’,
623 2133 682 2194 είτε
696 2128 873 2211 πρόσπολον
887 2129 985 2196 θέλεις

288 2230 338 2296 εἴτ’
353 2232 469 2314 ἄλοχον
485 2234 544 2295 εἴτε
559 2234 677 2311 δμωίδα.

736 2368 775 2411 ΙΟ

242 2437 377 2496 Stobaeus
395 2455 461 2495 110.
479 2437 591 2514 p..581.

286 2533 339 2612 Μή
352 2559 403 2612 μοι
417 2534 581 2615 προτείνων
598 2530 692 2595 ἐλπίδ’
710 2531 818 2613 έξθγον
833 2531 933 2613 δθκρυ·

286 2635 404 2717 γένοιτο
420 2633 444 2697 δ’
460 2633 499 2697 δν
511 2633 599 2698 πόλλ’
617 2631 658 2697 ῶν
673 2636 791 2713 δόκησις
806 2636 858 2698 οὐκ
874 2634 929 2698 ἔνι.

736 2771 771 2814 Il

240 2837 374 2896 Stobaeus
385 2839 435 2897 61.
449 2859 478 2915 p.
489 2838 557 2913 388.

281 2931 376 2997 Ὀσοι
390 2936 449 3016 γὰρ
464 2936 506 3001 είς
521 2934 615 3015 ἔρωτα
629 2935 789 2997 πίπτουσιν
803 2937 933 3014 βροτῶν,

287 3038 407 3099 ἐσθλῶν
420 3037 494 3099 ὅταν
509 3037 621 3119 τύχωσι
635 3039 695 3099 τῶν
711 3034 877 3116 ἐρωμένων,

287 3138 339 3201 οὐκ
351 3137 416 3200 ἔστι
431 3138 518 3203 ποίας
532 3138 668 3201 λείπεται
679 3137 741 3201 τόθ’
753 3138 869 3217 ἡδονῆς.

734 3272 772 3318 12

240 3341 375 3400 Stobaeus
389 3343 439 3417 69.
454 3362 483 3417 p.
497 3360 567 3416 399.

278 3436 398 3520 Ἔρωτα
410 3439 509 3503 δεινὸν
525 3439 645 3521 ἔχομεν,
663 3441 697 3501 ἐκ
712 3441 745 3502 δὲ
760 3444 819 3501 τῶν
833 3441 935 3520 λόγων

285 3543 358 3603 ἑλοῦ
371 3543 408 3603 τὰ
422 3538 561 3619 βέλτισθ’
567 3560 573 3574 ·
598 3537 667 3601 ὥστ’
680 3540 808 3603 ἄπιστόν
823 3537 884 3602 ἐστ’
902 3539 983 3618 ἔρως,

284 3644 338 3705 κᾶν
352 3645 392 3727 τῷ
410 3641 537 3726 κακίστῳ
553 3647 612 3704 τῶν
627 3647 747 3722 φρενῶν
762 3644 854 3705 οίκεῖν
869 3640 961 3704 θέλει.

237 3863 371 3922 Stobaeus
386 3864 441 3922 ecl.
455 3864 540 3941 phys.
555 3864 614 3923 vol.
624 3863 664 3922 II.
675 3883 704 3941 p.
719 3797 783 3922 τ’(ίῶ.
799 3865 888 3923 Heer.
918 3864 954 3918 Τδ
968 3865 1099 3935 δαιμόνων
1115 3865 1164 3935 οὐχ
1178 3866 1239 3935 ὁρᾷς
1250 3863 1300 3932 ὅπη

195 3963 286 4034 μοίρας
299 3964 468 4034 διεξέρχεται,
484 3965 595 4036 στρέφει
608 3961 631 4018 δ’
645 3963 745 4021 ἄλλους
758 3965 846 4021 ἄλλως
861 3965 897 4020 είς
910 3964 1017 4035 ἁμέραν.

238 4175 371 4234 Stobaeus
389 4195 435 4251 29.
452 4196 480 4253 p.
494 4194 559 4254 199·
732 4111 771 4169 ¹4

283 4275 431 4338 Εὔκλειαν
448 4273 564 4353 ἔλαβον
579 4273 631 4337 οὐκ
647 4274 718 4336 ἄνευ
733 4276 856 4336 πολλῶν
871 4273 981 4336 πόνων.
