2844 4882
577 312 580 321 ·
661 275 889 336 ΕΥΡΙΠΙΔΟΥ

346 442 437 516 ὅρκους
450 464 479 498 τε
492 443 698 516 παραβαίνοντας
710 442 844 514 ἐκπορθεῖν
851 443 951 499 πόλεις.

347 541 388 595 καὶ
401 544 482 595 ταῦτα
496 541 606 614 δρῶντες
616 543 720 611 μᾶλλόν
733 538 784 595 εῐσ’
798 539 945 611 εὐδαίμονες

346 642 398 692 τῶν
411 635 591 702 εὐσεβούντων
604 637 690 707 ἡσυχῆ
704 635 760 691 καθ’
774 637 878 708 ἡμέραν·

345 737 436 791 πόλεις
449 757 477 789 τε
491 735 582 807 μικράς
595 729 653 788 οἶδα
667 736 784 804 τιμώσας
796 734 881 797 θεοὺς,

345 829 372 887 οἳ
384 834 505 901 μειζόνων
519 829 629 886 κλύουσι
642 832 871 903 δοσσεβεστέρων,

345 931 446 1001 λόγχης
457 928 558 1002 ἀριθμῷ
570 928 690 985 πλείονας
704 925 881 1001 κρατούμεναι.

346 1023 417 1098 οἶμαι
430 1027 453 1082 δ’
467 1024 499 1082 ἂν
512 1026 587 1097 ὑμεῖς,
603 1023 679 1082 εἴτις
691 1026 770 1098 ἀργός
785 1022 820 1080 δν
834 1024 903 1082 θεοῖς

346 1129 459 1196 εὔχοιτο,
474 1126 515 1179 καὶ
527 1126 563 1195 μὴ
576 1124 644 1196 χειρὶ
652 1125 780 1196 σνλλὲγοι
792 1123 862 1188 βίον,

347 1223 380 1276 τδ
393 1224 449 1278 θεῖα
461 1219 603 1296 πνργοῦσ’,
615 1223 642 1276 αἱ
655 1221 728 1275 κακαί
740 1242 769 1275 τε
777 1219 924 1292 συμφοραί.

758 1332 798 1380 22

265 1420 399 1479 Stobaeus
413 1417 463 1494 98.
479 1438 508 1495 p.
518 1434 587 1495 539.

312 1515 394 1596 Πρὸς
407 1513 462 1593 τὴν
476 1514 569 1578 νόσον
584 1539 630 1578 τοι
645 1515 693 1578 καὶ
706 1514 759 1578 τὸν
775 1515 876 1597 ἰατρδν
890 1517 988 1600 χρεὼν

312 1615 400 1682 ἰδόντ’
417 1619 528 1690 ἰᾶσθαι,
543 1617 735 1703 μὴζπιτακτδ
745 1616 888 1700 φάρμακα

311 1717 428 1793 διδόντ’,
446 1721 500 1783 ἔδν
513 1719 554 1798 μὴ
568 1723 660 1784 ταῦτα
674 1723 709 1800 τῇ
725 1722 805 1806 νόσιρ
821 1719 878 1803 πρέ
922 1770 928 1782 .

758 1840 797 1908 ²3

267 1926 402 1985 Stobaeus
416 1925 536 1984 ibidem.

312 2023 411 2086 Νόσοι
426 2023 458 2085 δὲ
474 2026 587 2100 θνητῶν
602 2023 633 2084 αἱ
646 2020 703 2100 μέν
719 2022 777 2085 ‘lc’
793 2022 970 2104 αὐθαίρετοι,

313 2127 344 2189 αἱ
358 2126 385 2188 δ’
401 2126 434 2188 ἐκ
449 2128 525 2188 θεῶν
539 2124 688 2205 πάρεισιν,
705 2125 786 2188 ἆλλδ
797 2128 837 2210 τῷ
853 2126 934 2210 νόμῳ

312 2225 410 2306 ῑόμεθ
430 2225 530 2294 αὐτάς.
561 2225 643 2290 ἀλλά
657 2252 707 2290 σοι
721 2225 807 2305 λέξαι
822 2225 914 2306 θέλω,

313 2332 340 2393 εἰ
355 2331 422 2393 θεοί
433 2354 460 2391 τι
475 2332 584 2411 δρῶσιν
600 2329 736 2412 αῖσχρδν,
749 2329 802 2393 οὐκ
818 2330 896 2393 εἰσὶν
910 2329 984 2392 θεοί.

226 2435 264 2491 V.
278 2453 304 2510 3.
328 2433 475 2492 Plutarch.
488 2433 595 2490 Morai.
611 2453 642 2510 p.
656 2452 688 2491 οι
705 2454 733 2508 ο,
759 2452 833 2510 ¹049
842 2453 868 2491 e.
894 2433 943 2509 qui
958 2433 1055 2509 pn‘ore
1068 2432 1134 2490 loco
1148 2451 1203 2510 pro
1218 2435 1340 2509 αἰσχρὸν

226 2533 316 2591 habet
329 2535 442 2605 φαῦλον,
454 2541 488 2588 ut
500 2529 609 2593 Justin.
622 2531 666 2589 M.
681 2551 709 2607 p.
725 2531 791 2588 108.

759 2644 802 2705 24

268 2732 415 2790 Plutarch.
425 2731 531 2788 Moral.
546 2750 576 2806 p.
588 2744 646 2806 475
657 2750 682 2788 c.
695 2731 842 2809 Diogenes
854 2730 952 2788 Laert.
964 2728 1017 2796 lv,
1031 2728 1078 2786 26.
1094 2727 1200 2787 δαίδας
1208 2729 1243 2788 in
1252 2732 1336 2804 οἴμοι,

230 2839 392 2917 Hesychius
406 2839 503 2896 Miles.
514 2858 544 2915 p.
562 2855 610 2913 23.

349 2937 435 3009 Οἶμαι,
450 2938 477 2993 τί
490 2936 512 2993 δ’
526 2934 614 3007 οἶμαι,
637 2937 716 3006 θνητά
729 2957 770 2989 τοι
783 2936 955 3004 πεπόνθαμεν.

760 3047 800 3114 ²5

269 3137 402 3195 Stobaeus
417 3153 481 3191 110.
496 3154 526 3210 p.
539 3134 608 3209 581.

313 3230 407 3314 Ὁρᾷς
421 3231 447 3293 δ’
463 3228 602 3294 ἀέλπτων
615 3230 726 3311 μυρίων
741 3229 946 3311 άναστροφάς.

314 3335 426 3397 πολλοὶ
439 3334 495 3412 μὲν
510 3332 598 3412 οἶδμα
612 3331 756 3413 διέφυγον
772 3331 951 3404 θαλάσσιον,

314 3437 425 3501 πολλοὶ
441 3437 472 3499 δὲ
483 3437 610 3517 λόγχαις
622 3436 775 3513 πολεμίων
790 3435 944 3513 ἀμείνονες

314 3541 425 3619 ἥσσονς
439 3543 567 3620 γεγῶτες
582 3535 730 3619 κρείσσον’
745 3536 840 3616 ἦλθον
855 3540 896 3604 εἰς
910 3539 1012 3620 τύχην.

760 3640 801 3703 26

269 3747 403 3805 Stoboeus
420 3763 445 3800 2.
461 3763 489 3819 p.
500 3760 549 3817 30.
571 3742 701 3819 Theoph.
716 3742 898 3820 adAutolyc.
913 3763 941 3819 p.
959 3763 989 3802 11
997 3760 1025 3820 5.
1047 3745 1091 3802 ed.
1104 3744 1196 3802 Paris.

313 3840 461 3906 Οὗδέποτ’
477 3838 616 3920 εὐτυχίαν
631 3842 721 3902 κακοῦ
735 3838 841 3921 όνδρδς
854 3838 1028 3922 ὑπέρφρονά
1042 3840 1068 3903 τ’
1085 3842 1184 3919 ὄλβον

312 3943 443 4023 βέβαιον
459 3940 575 4003 εἰκάσαι
589 3941 696 4023 χρεὼν,

313 4046 375 4108 οὐδ’
392 4047 499 4108 ἀδίκων
514 4043 631 4126 γενεάν·
659 4046 675 4106 ό
692 4047 749 4127 γδρ
765 4045 884 4112 οὐδενὸς
899 4046 989 4127 ἐκφδς

313 4149 421 4228 χρόνος
437 4149 563 4213 δικαίους
579 4146 699 4228 ἐπάγων
715 4146 842 4211 κανόνας

313 4250 461 4311 δείκνυσιν
476 4249 638 4328 ἀνθρώπων
653 4244 812 4326 κακότητος
826 4249 899 4325 ἐμοί.
