2850 4898
589 271 743 335 NOTAE.
1123 270 1206 334 1011

105 457 179 508 sunt
194 443 280 523 vitia,
295 464 403 506 eorum
428 464 525 505 unum
544 443 709 518 Canterus,
726 461 825 503 unum
847 441 1053 527 Musgravius
1074 439 1207 505 sustule-

105 561 181 609 runt
197 545 332 632 reposito
347 547 510 627 προτείνων
524 556 556 608 et
567 568 603 625 γε
617 542 649 605 in
663 568 696 605 τε
708 557 840 619 mutato,
852 541 918 606 duo
931 541 999 606 aliis
1012 542 1207 628 reliquerunt

105 647 300 734 corrigenda.
345 646 428 710 Nam
452 645 538 733 quod
561 644 748 731 Musgravio
773 642 890 730 placuit
916 649 1018 727 φιλεῖν
1040 645 1151 727 ἔχθραν
1174 669 1206 708 τε

106 749 222 824 θέσθαι,
239 749 279 814 de
293 749 398 836 puella
419 749 524 835 aptius
543 772 637 835 quam
659 748 699 813 de
719 748 843 813 civitate
859 748 955 813 dicas.
1001 749 1207 813 Scribendum

108 864 175 916 erat
190 851 224 915 οὗ
241 854 368 933 σμικρὰν
382 853 476 934 φίλην
496 850 502 939 Ι
521 851 633 935 ἐχθράν
646 878 679 916 τε
700 852 817 916 θέσθαι.
862 853 934 916 Non
957 851 1107 938 exiguum
1130 852 1207 938 quid

106 954 252 1018 interesse
273 953 318 1016 ait
339 953 453 1017 amicos
473 976 513 1018 an
536 953 640 1018 hostes
660 954 775 1018 habeas
790 954 947 1041 Argivos:
971 977 1067 1040 quam
1086 971 1208 1020 senten-

106 1057 181 1121 tiam
205 1054 345 1120 similiter
366 1056 518 1142 expressit
541 1055 747 1143 Thucydides
767 1058 798 1135 1,
813 1059 864 1142 36.
887 1059 998 1140 χωρίον
1019 1064 1209 1140 προσλαβεῖν

106 1159 125 1222 δ
139 1162 215 1238 μετὰ
228 1159 379 1240 μεγίστων
395 1165 502 1240 καιρῶν
518 1159 678 1222 οίκειοῦταί
689 1184 722 1222 τε
737 1160 786 1222 καὶ
799 1163 989 1238 πολεμοῦσαι.

152 1262 189 1324 V.
202 1276 276 1343 777.
294 1262 361 1323 ε’πεί
374 1285 423 1322 σοι
437 1261 603 1325 πολύθντος
617 1259 663 1323 ἀεὶ
682 1257 687 1344 Ι
706 1262 776 1338 τιμὰ
791 1261 953 1344 κραίνεται]
969 1259 1060 1325 Libri
1071 1259 1123 1324 alii
1138 1261 1207 1325 ἀλλ’

107 1364 160 1426 ἐπί
181 1386 242 1438 σοι,
260 1359 312 1423 alii
338 1361 409 1423 ἀλλ’
434 1361 501 1424 ἐπεί
524 1385 583 1432 σοι,
609 1358 693 1423 unde
717 1361 920 1425 Hermunnus
944 1365 1011 1426 ἐπεί
1030 1389 1091 1440 σοι,
1105 1361 1210 1427 deleto

107 1462 206 1527 θλλάε
231 1485 303 1549 qum
318 1461 486 1526 certissima
500 1461 676 1526 emendatio
690 1477 746 1526 est.
792 1462 854 1527 Sed
874 1466 960 1549 quod
980 1463 1062 1529 idem
1078 1468 1207 1531 πολύθυ-

106 1592 169 1642 τος,
184 1589 250 1652 quo
273 1564 442 1650 Euripides
464 1564 557 1629 etiam
579 1563 610 1627 in
635 1564 802 1652 Iphigenia
819 1565 986 1630 Aulidensi
1001 1590 1033 1629 v.
1046 1568 1117 1652 185.
1132 1591 1209 1632 usus

106 1681 164 1745 est,
180 1669 212 1731 in
231 1670 418 1745 πολθθοινος,
434 1666 621 1732 vocabulum
644 1665 717 1731 alibi
737 1690 800 1732 non
820 1666 947 1746 lectum,
967 1683 1081 1747 mutat,
1097 1670 1210 1756 proba-

106 1769 198 1835 bilior
212 1769 288 1833 mihi
302 1770 333 1832 in
353 1784 503 1856 promptu
520 1769 696 1833 emendatio
716 1785 762 1834 est
776 1773 972 1838 πολίθυστος.
1020 1772 1131 1858 Hujus
1144 1772 1210 1836 for-

109 1895 169 1937 mae
184 1871 363 1958 exemplum
379 1885 480 1935 exstat
495 1870 525 1934 in
544 1869 712 1934 Simonidis
720 1871 855 1936 carmine
866 1872 907 1936 de
921 1872 1105 1937 mulieribus
1115 1897 1146 1938 v.
1156 1876 1208 1959 56.

108 1977 194 2063 apud
212 1976 373 2040 Stobaeum

283 2079 397 2140 ἄθυστα
412 2074 435 2138 δ’
454 2077 501 2156 ἱρὰ
515 2074 661 2141 πολλάκις
676 2075 832 2138 κατεσθίει.

109 2200 204 2264 quem
226 2200 348 2242 versum
373 2177 427 2241 ubi
449 2176 540 2241 affert
560 2176 736 2240 Athenaeus
750 2177 790 2239 V.
803 2198 836 2261 p.
849 2190 908 2260 179
924 2176 956 2240 d.
971 2177 1080 2242 eodem
1098 2180 1209 2265 quoin

111 2278 275 2366 Euripidis
289 2278 448 2343 codicibus
463 2301 566 2341 errore
581 2279 675 2341 ddum
689 2277 839 2364 scriptum
854 2293 911 2342 est.
940 2279 1054 2365 Neque
1069 2280 1129 2345 hoc
1144 2282 1212 2345 uni·

109 2397 240 2446 comest
255 2381 294 2444 ad
309 2379 586 2446 commendandam
602 2379 849 2443 emendationem
865 2403 964 2444 meam
975 2380 1209 2449 documentum.

524 2563 800 2629 SUPPLICUM

111 2684 150 2746 V.
166 2683 237 2766 136.
260 2680 375 2744 >Aldus
397 2679 496 2746 edidit
519 2686 612 2745 Τυδεῖ
630 2707 664 2744 τε
687 2685 865 2747 Πολυνείκει
885 2708 929 2747 τε.
976 2683 1108 2748 Codices
1133 2687 1215 2746 τνδεῖ

109 2784 279 2848 πολυνείκει
293 2807 343 2846 re:
367 2781 455 2868 quod
473 2783 575 2870 ipsum
597 2782 752 2868 scripsisse
767 2784 938 2870 Euripides
954 2784 1089 2862 videtur,
1107 2783 1160 2848 sed
1177 2801 1213 2847 ut

109 2892 235 2950 ἸῪΔΕΙ
252 2908 313 2948 non
329 2891 423 2950 Τυδεῖ
434 2884 631 2972 significaret,
647 2884 700 2948 sed
720 2889 823 2965 Τυδῆι,
838 2885 1104 2971 quemadmodum
1129 2884 1211 2950 idem

111 2988 142 3052 in
160 2986 336 3052 Heraclidis
352 3011 382 3051 v.
398 3004 475 3072 541.
496 2986 668 3068 Ἡρακλῆος
682 2985 762 3050 dixit

283 3090 417 3171 πέφυκας
429 3088 609 3171 Ἡρακλῆος·
634 3088 693 3153 οὐδ’
710 3091 900 3172 αἰσχύνομαι.

110 3214 203 3277 quem
221 3213 343 3254 versum
369 3208 404 3255 ut
425 3191 556 3255 fuerunt
572 3191 628 3277 qui
648 3206 813 3278 propterea
827 3191 1007 3277 judicarent
1029 3207 1211 3278 corruptum

112 3292 198 3379 quod
213 3291 385 3374 Ἡρακλῆος
397 3292 519 3378 epicum
536 3304 626 3370 esset,
641 3291 686 3355 ita
707 3316 768 3355 non
791 3291 927 3356 mirabor
944 3292 968 3356 si
989 3293 1043 3378 qui
1062 3298 1154 3372 Τυδῆι
1169 3317 1215 3356 re-

106 3395 217 3483 jicient
232 3410 398 3482 propterea
412 3396 499 3480 quod
514 3416 575 3456 non
592 3394 631 3457 ait
642 3393 682 3457 ab
697 3394 792 3481 epicis
803 3410 1000 3481 usurpatum.
1033 3396 1125 3459 Adeo
1139 3394 1215 3458 flex-

113 3499 186 3563 ibile
201 3499 261 3562 hoc
277 3496 453 3583 argumenti
468 3519 570 3582 genus
584 3509 640 3560 est.

157 3604 195 3666 V.
205 3619 281 3682 421.
295 3603 322 3663 εί
337 3600 384 3663 καῖ
399 3599 517 3681 γίνοιτο
532 3599 572 3677 μὴ
585 3596 689 3678 ’podiis
704 3598 800 3678 ἔργων
815 3600 895 3683 ὕπο]
911 3598 1051 3685 Egregia
1064 3597 1132 3662 haec
1146 3621 1213 3662 cor-

112 3713 215 3785 ruptae
238 3697 389 3761 librorum
411 3697 573 3784 scripturae
595 3696 715 3760 πένοιτο
739 3696 868 3775 κᾶμαθὴς
895 3696 1071 3761 emendatio
1092 3696 1124 3759 in
1149 3697 1213 3760 Lo·

111 3799 212 3863 beckii
228 3798 333 3862 libello
353 3797 393 3862 de
412 3795 603 3885 apostropho
624 3794 775 3860 delitescit
790 3818 887 3884 p.41.
932 3797 1027 3875 Quod
1042 3813 1146 3862 autem
1164 3800 1214 3863 xd-

112 3902 206 3980 μαθὴς
221 3915 382 3964 exaratum
398 3899 471 3978 fuit,
485 3899 526 3964 ad
544 3911 677 3962 veterem
701 3898 855 3962 scribendi
875 3922 992 3964 morem
1011 3899 1099 3964 ducit
1117 3903 1215 3981 ρθμα-

113 4005 175 4082 θὴς,
191 4002 230 4066 de
254 4027 319 4088 quo
339 4002 497 4066 verissima
518 4015 565 4065 est
586 3999 769 4086 admonitio¹
781 3999 924 4065 Elmsleii
943 4004 984 4066 ad
1008 4003 1169 4067 Heraclid.
1185 4027 1218 4066 v.

114 4106 188 4183 460.
213 4126 308 4189 quem
325 4128 384 4190 ego
398 4102 430 4167 in
447 4098 671 4188 Aristophanis
684 4099 799 4164 fabulis
813 4125 883 4166 sum
898 4117 1033 4167 secutus.

153 4227 273 4266 imma
641 4223 700 4265 un
