2850 4898
541 295 888 358 ΑΠΟΣΠΑΣΜΑΤΙΑ.
1192 290 1257 358 989

674 498 736 561 104

196 587 333 644 Clemens
346 587 431 644 Alex.
447 585 556 644 Strom.
569 585 606 643 V.
619 605 647 661 p.
659 584 719 659 584
729 585 756 641 b.
780 587 923 658 Πογκαλως
936 585 1022 641 τοίνυν
1035 586 1076 640 καὶ
1089 586 1104 637 δ
1118 584 1257 657 Εὐριπίδης

154 684 262 756 συνᾴδει
274 683 377 744 τούτοις
389 686 499 758 γράφων

242 784 336 847 Ποῖος
350 778 374 844 δ’
390 776 428 843 δν
443 779 531 852 οἶκος,
547 777 693 841 τεκτόνων
707 777 853 844 πλασθεὶς
866 778 934 854 ύπο,

243 881 332 960 δέμας
346 881 380 944 τὰ
396 886 477 945 θεῖον
491 878 652 961 περιβάλοι
666 879 776 961 τοίχων
790 883 932 961 πτυχαῖςς

679 1041 718 1085 10
718 1042 738 1106 5

198 1128 335 1186 Clemens
349 1129 432 1186 Alex.
445 1128 554 1187 Strom.
565 1128 619 1185 VI.
633 1147 663 1203 p.
674 1128 734 1184 620
749 1128 778 1185 b.
798 1126 959 1200 Ἐπιχάρμου
973 1150 1002 1183 τε
1015 1126 1199 1194 εῖτόντος,-ὁ
1211 1125 1259 1194 μὲν

156 1227 208 1299 γὰρ
228 1227 312 1295 ἄλλην
332 1228 396 1297 δῆτα
409 1228 537 1298 λαμβάνει
551 1226 664 1293 Νεύνιδ,
679 1225 764 1281 ἄλλον
777 1224 799 1280 δ’
813 1225 882 1294 ύλλη
895 1223 1019 1295 μαστεύει
1039 1224 1106 1290 τινὰ,
1121 1223 1259 1296 Εὐριπίδης

158 1325 255 1396 γράφει

246 1417 347 1482 Κακὰν
362 1423 487 1499 γυναῖκα
500 1416 574 1499 πρδς
589 1417 659 1481 νέον
673 1422 769 1497 ζεῦξαι
783 1422 900 1499 γραῖαν·

245 1522 262 1582 ὁ
276 1522 332 1599 μὲν
347 1523 405 1601 γὰρ
420 1520 515 1599 ἄλλης
528 1519 655 1602 λέκτρον
671 1522 775 1602 ῖμείρει
788 1525 909 1599 λαβεῖν,

245 1623 263 1702 ἡ
278 1620 302 1685 δ’
319 1621 419 1700 ἐνδεὴς
433 1620 510 1686 τοῦδ’
526 1623 603 1686 οὖσα
617 1625 759 1703 βουλεύει
776 1622 859 1688 κακά.

683 1752 744 1813 106

202 1854 338 1911 Clemens
351 1851 438 1910 Alex.
453 1852 563 1912 Strom.
574 1853 611 1909 V.
626 1872 656 1929 p.
668 1853 725 1927 613
738 1853 768 1911 d.
795 1854 826 1909 ‘O
841 1855 927 1909 τοίνυν
938 1855 974 1924 μὴ
987 1856 1139 1926 πειθόμενος
1151 1858 1183 1925 τῇ
1197 1854 1260 1925 ἄλη·

161 1955 226 2025 θεία,
240 1954 394 2024 διδασκαλία
408 1953 430 2008 δ’
445 1954 589 2026 ἀνθρωπίνη
600 1954 781 2026 τετυφωμένος
794 1953 943 2023 δυσδαίμων
955 1952 1046 2009 ἄθλιός
1053 1975 1082 2007 τε
1091 1953 1133 2008 καί
1143 1953 1207 2008 κατὰ
1215 1954 1262 2008 τδν

162 2052 302 2125 Εὐριπίδην

240 2144 302 2212 Ὃς
316 2145 386 2208 τάδε
400 2146 541 2208 λεύσσων
556 2144 626 2208 θεὸν
636 2144 704 2227 ούχὶ
719 2149 792 2222 νοεῖ,

248 2249 480 2329 μετεωρολόγων
495 2245 519 2309 δ’
537 2249 605 2313 ἑκὰς
620 2247 745 2329 ἔρριψεν

251 2352 374 2416 σκολιὰς
387 2347 509 2422 ἀπάτας,
526 2345 568 2412 ὧν
583 2349 676 2429 ἀτηρὰ

251 2449 366 2533 γλῶσσ’
383 2453 536 2531 εῖκοβολεῖ
548 2452 615 2532 περὶ
630 2456 689 2515 τῶν
704 2452 839 2532 ἀφανῶν,

251 2554 339 2618 οὐδὲν
348 2555 465 2635 γνώμης
477 2553 657 2636 μετέχουσα.

686 2698 743 2762 107

208 2787 345 2844 Clemens
359 2787 441 2844 Alex.
457 2788 563 2844 Strom.
573 2786 628 2844 Vl.
643 2805 671 2860 p.
683 2785 741 2842 622
754 2785 782 2841 b.
807 2785 888 2856 (coll.
899 2785 1043 2842 Athenaeo
1054 2785 1091 2841 X.
1106 2805 1136 2861 p.
1147 2802 1205 2858 422
1219 2786 1263 2859 b.)

166 2883 280 2958 Ὀμὴρου
292 2886 425 2958 λέγοντος,
440 2887 557 2957 Γαστέρα
569 2883 592 2939 δ’
607 2887 693 2940 ούπως
705 2885 779 2937 ἔστιν
791 2883 944 2953 ύποπλῆσαι
956 2887 1090 2954 μεμαυῖαν,
1106 2885 1265 2954 Ούλομίνην,

167 2980 183 3053 ἦ
196 2984 285 3037 πολλὰ
298 2981 351 3036 κάκ’
365 2981 524 3054 ἀνθρώποισι
537 2977 654 3045 δίδωσιν,
668 2979 808 3051 Εὐριπίδης
820 2983 889 3034 ποιεῖ

256 3079 334 3159 Nm}
349 3077 382 3138 δὲ
396 3076 484 3158 χρεία
496 3076 527 3154 μ’
539 3076 557 3155 ἡ
569 3080 662 3142 κακῶς
676 3073 700 3137 τ’
717 3073 864 3154 ὀλουμένη

255 3178 380 3260 γαστὴρ,
397 3176 448 3259 ἀφ’
464 3178 498 3257 ἦς
512 3178 546 3256 δὴ
560 3176 659 3241 πάντα
673 3179 807 3259 γίγνεται
822 3175 905 3240 κακά.

691 3297 750 3361 108

212 3387 349 3445 Clemens
364 3387 445 3443 Alex.
461 3385 569 3443 Strom.
584 3385 638 3442 VI.
653 3405 682 3462 p.
695 3385 753 3459 623
769 3404 796 3443 α.
819 3383 898 3442 Αὖθις
911 3385 1051 3456 Εὐριπίδου
1063 3384 1180 3440 εἰπόντος

251 3480 296 3547 Ὤ
310 3485 500 3564 πολύμοχθος
516 3485 603 3563 βιοτὰ
618 3488 743 3563 θνητοῖς,

258 3586 296 3652 ὥς
311 3585 360 3648 ἐπὶ
374 3584 463 3647 παντὶ
478 3587 619 3666 σφαλερὰ
635 3590 741 3661 κεῖσαι,

259 3687 306 3750 καὶ
320 3689 359 3750 τὰ
372 3687 428 3765 μὲν
443 3687 548 3765 αὔξεις,
559 3689 596 3750 τὰ
610 3686 634 3750 δ’
651 3688 871 3769 ἀποφθινύθεις,

260 3789 329 3852 κούκ
345 3789 428 3852 ἔστιν
444 3789 512 3870 ὄρος
527 3791 659 3868 κείμενος
673 3789 777 3861 οὐδεὶς,

261 3896 302 3960 είς
317 3894 420 3956 ὅντινα
434 3891 492 3974 χρὴ
506 3891 630 3955 τελέσαι
645 3896 769 3970 θνητοῖς,

260 3995 341 4075 πλὴν
356 3996 428 4058 ὅταν
444 3995 517 4073 ἔλθη
533 3996 639 4076 κρυερὰ
655 3995 765 4056 Διόθεν

262 4098 390 4162 θανάτου
405 4102 578 4178 πεμφθεῖσα
592 4094 724 4174 τελευιύ.

698 4242 737 4286 10

218 4329 355 4387 Clemens
368 4328 451 4389 Alex.
469 4326 578 4386 Strom.
592 4328 645 4386 v1.
661 4244 757 4404 ρόαξ
771 4347 796 4385 a.
828 4333 880 4384 Τοῦ
897 4331 986 4402 ἰατροῦ
997 4328 1190 4405 Ἱπποκράτους,
1205 4327 1276 4387 Ἐπι-
