2850 4898
526 282 868 342 ΑΠΟΣΠΑΣΜΑΤΙΑ.
1182 281 1244 350 961

232 452 322 531 τόθι
337 450 380 532 (ἒ)
397 448 502 531 στρέφ’
518 448 597 531 ἅρμα
610 453 690 529 τῇδε,

145 567 184 645 ἆρ’
200 573 245 627 οὐκ
259 571 290 626 ἂν
303 570 385 628 εἴποις
400 570 441 626 ότι
459 572 474 642 ἦ
489 572 564 643 ψυχὴ
585 576 632 626 τοῦ
652 574 800 645 γράφοντος
821 574 997 640 συνεπιβοίνει
1017 578 1065 629 τοῦ
1078 573 1192 648 ἅρματος
1206 578 1246 630 καὶ

146 669 382 742 συγκινδυνεῦουσα
398 671 453 726 τοῖς
473 667 562 725 ἵπποις
582 671 793 742 συνεπτέροταις
827 671 858 724 οὐ
879 671 930 742 γὰρ
949 667 991 734 δν,
1006 671 1029 724 εἶ
1041 671 1076 740 μὴ
1090 674 1145 728 τοῖς
1168 673 1245 745 οὐρα·

146 768 209 824 νίοις
222 767 326 822 ἐκείνοις
340 768 426 839 ἔργοις
441 767 621 837 ἰσοδροροῦσα
635 766 752 838 ἐφέρετο,
767 768 865 821 τοιοῦτ’
880 768 911 820 ἅν
924 789 989 822 ποτε
1003 768 1164 839 ε’φαντόσθη.

186 971 321 1032 Stobaeus
337 975 400 1032 Ecl.
420 975 506 1052 Phys.
522 974 580 1031 vol.
597 973 621 1030 I.
644 992 673 1048 p.
685 887 754 1048 340.
778 974 867 1032 Heer.
888 974 1040 1033 Vitruvius
1055 975 1108 1041 IX,
1124 994 1151 1048 4.
1176 977 1244 1050 (IX,

151 1089 175 1137 1,
193 1090 201 1128 ι
208 1089 237 1146 3.
254 1070 300 1129 ed.
313 1070 467 1142 Schneid.)

233 1175 337 1256 Θερμὴ
353 1172 377 1237 δ’
393 1175 519 1239 ἄνακτος
533 1172 613 1254 φλὸξ
627 1172 854 1253 δπερτέλλουσα
868 1178 923 1255 γῆς

235 1277 310 1340 καίει
324 1280 362 1340 τδι
376 1277 487 1356 πόρρω,
503 1275 652 1355 τάγγύθεν
668 1272 691 1336 δ’
709 1273 821 1354 εῦκρατ’
838 1276 911 1358 ἔχει.

147 1381 236 1438 Binos
255 1400 355 1439 versus
375 1378 594 1457 conjungendos
613 1396 687 1444 esse,
703 1397 826 1454 quorum
842 1381 915 1437 alter
934 1380 1010 1455 apud
1025 1401 1116 1440 unum
1130 1385 1245 1443 Vitruv.

146 1478 262 1555 legitur,
277 1477 351 1534 vidit
362 1478 483 1533 Barnes.

186 1704 299 1761 Theon.
313 1703 402 1761 schol.
416 1702 447 1758 in
462 1702 545 1759 Arati
559 1612 706 1758 Phaen0m7.
721 1701 786 1775 169.
818 1703 872 1758 οὐκ
889 1705 1034 1776 ἀνασύρας,
1057 1711 1134 1780 φησι,
1152 1710 1247 1780 φέρον.

146 1826 188 1859 ται
202 1805 227 1858 nl
239 1801 329 1858 Ὑάδες
339 1803 366 1856 έν
378 1805 416 1875 τῷ
424 1802 533 1874 μετώπῳ
545 1803 592 1854 τοῦ
602 1797 706 1871 ταύρου.
722 1802 810 1869 θαλῆς
823 1801 870 1870 μέν
884 1799 929 1856 οῦν
943 1803 989 1857 δύο
1002 1805 1080 1861 αὐτὸς
1093 1801 1163 1860 εἶπεν
1171 1801 1245 1870 εἶναι,

146 1901 194 1970 τὴν
205 1902 253 1971 μέν
265 1902 378 1973 βόρειον,
389 1899 436 1968 τὴν
446 1899 475 1952 δὲ
488 1900 581 1952 νότων·
606 1897 745 1969 Εὐριπίδης
758 1896 780 1951 δ’
793 1898 820 1952 έν
834 1902 870 1972 τῷ
883 1899 1006 1955 Φαέθοντι
1020 1905 1098 1973 τρεῖς.

687 2018 705 2076 8

187 2109 346 2166 Athenaeus
354 2106 408 2163 XI.
423 2125 452 2181 p.
464 2120 521 2180 503
538 2106 567 2163 d.
590 2105 729 2178 Εὐριπίδης
743 2105 866 2159 Φαέθοντι

663 2198 810 2278 Ψυκτήρια

233 2305 337 2385 δένδρη
352 2304 491 2385 φίλαισιν
507 2300 649 2364 ὠλέναισι
664 2300 787 2378 δέξεται.

686 2449 705 2511 9

188 2540 321 2598 Stobaeus
336 2538 385 2613 38.
400 2548 430 2614 p.
443 2554 510 2610 230.

231 2632 288 2701 Ὡς
302 2635 457 2715 πανταχοῦ
471 2657 506 2712 γε
521 2631 623 2712 πατρὶς
636 2631 655 2709 ἡ
669 2632 826 2711 βόσκουσα
841 2637 887 2714 γῆ.

188 2843 322 2900 Stobaeus
337 2859 384 2914 41.
400 2859 429 2916 p.
444 2857 512 2914 239.
682 2771 720 2814 ¹0

232 2937 288 3001 ’Ev
302 2941 381 3000 τοῖσι
394 2937 501 3016 μόραις
514 2931 592 2996 τοῦτ’
610 2933 668 3014 ἐγὼ
685 2935 782 3014 κρίνω,
797 2939 916 3015 βροτῶν

233 3042 315 3106 ὅστις
328 3038 423 3120 πατὴρ
438 3035 480 3100 (δν
494 3036 580 3099 παισὶ
594 3035 634 3114 μὴ
649 3040 813 3116 φρονοῦσιν
828 3037 860 3099 εῦ

232 3139 251 3220 ἢ
263 3141 310 3204 καὶ
325 3140 460 3206 πολίταις
474 3134 652 3218 παραδίδωσ’
670 3138 818 3215 ἐξουσίαν.

678 3276 689 3317 ι
699 3277 712 3318 1

188 3362 323 3421 Stobaeus
332 3361 451 3420 ibidem.
479 3360 648 3436 Apostolius
663 3360 748 3428 XIII,
758 3359 807 3434 56.

235 3462 320 3521 Νοῦν
334 3482 380 3520 τοι
394 3454 437 3536 μί’
453 3453 553 3536 ἄγκυβ
570 3455 701 3533 οὐδαμῶς
716 3456 821 3530 σόζειυ
836 3461 930 3537 φιλεῖ,

233 3565 272 3630 ὡς
285 3568 363 3644 τρεῖς
377 3560 495 3643 ἀφέντι,
509 3558 677 3642 προστάτης
690 3557 715 3622 θ’
732 3562 845 3626 δπλοῦς
858 3560 947 3623 πόλει

234 3662 397 3747 σφαλερὸς,
413 3662 495 3726 ῦπδν
510 3663 542 3723 δὲ
559 3661 669 3726 κᾶλλος
684 3659 719 3722 οῦ
735 3657 824 3722 κακδυ
838 3661 935 3724 πόλει.

683 3814 693 3856 I
702 3812 719 3856 2

189 3888 385 3962 Stobaeus91.
402 3906 431 3962 p.
441 3901 510 3960 507.

235 3985 346 4047 Δειυόν
361 4005 406 4062 γε·
429 3986 490 4047 τοῖς
502 3982 666 4042 πλουτοῦσι
680 3981 767 4040 τοῦτο
783 3978 808 4039 δ’
824 3977 965 4059 ἔμφυτον,

235 4091 385 4149 σκοιοῖσιυ
401 4082 486 4147 εἶναι.
511 4083 543 4145 τί
553 4105 625 4144 ποτε
640 4080 745 4143 τούτου
762 4082 894 4152 ταῖτιον;

234 4185 279 4269 ἄρ’
295 4189 392 4267 ὄλβος
406 4186 504 4252 αὐτοῖς
518 4186 563 4247 ότι
577 4182 690 4265 τυφλὸς
704 4189 876 4264 συνηρεφεῖ,

233 4292 349 4371 τυφλδς
364 4288 469 4372 ἔχουσι
483 4290 535 4354 τδς
550 4286 662 4368 φρένας
677 4285 725 4348 καὶ
739 4289 790 4364 τῆς
804 4287 911 4368 τόχηςς
