2850 4898
200 275 266 346 986
644 282 873 344 ΕΥΡΙΠΙΔΟΥ

242 581 414 638 Plutarchus
428 580 535 637 Moral.
549 599 579 655 p.
596 579 653 655 965
671 598 697 637 e.
719 584 829 655 Γέγονεν
843 583 983 656 (ὁμολογία
1002 582 1062 654 περὶ
1075 580 1186 652 τόξευε)
1202 581 1309 650 πολλὴν

202 681 378 752 παρασχοῦσα
388 678 556 750 φιλονεικίαν·
580 673 635 732 εἶτα
648 677 702 733 κατ’
716 679 856 751 Εὐριπίδην

288 771 327 837 ‘O
341 777 391 852 τῆς
404 774 505 856 Τύχης
518 778 586 839 ταῖς
602 776 708 854 κλῆρος
724 772 772 835 ἐπὶ
789 775 882 858 τούτῳ
899 773 1002 855 ταγείς

202 881 235 933 τὰ
251 882 361 951 χερσαῖα
378 880 530 951 προεισάγει
547 878 631 932 δίκαια
651 882 703 932 τῶν
719 879 825 935 ε’ναλαν.
854 878 966 936 Eodem
980 878 1099 955 respicit
1112 878 1261 937 Plutarch.
1276 898 1307 956 p.

203 976 263 1050 ⁶44
278 977 307 1034 d.

734 1056 776 1138 96

244 1159 415 1218 Plutarchus
429 1160 535 1217 Moral.
551 1180 579 1236 p.
596 1157 670 1216 1028
685 1157 706 1215 f.
727 1161 759 1214 Εἰ
773 1160 801 1214 δὲ
815 1159 898 1232 ὀρθῶς
917 1163 933 1214 ό
947 1161 1088 1234 Εὐριπίδης
1100 1161 1247 1234 διορίζεται,
1262 1161 1308 1215 θέ-

203 1282 266 1332 ρους
278 1261 411 1332 τέσσαρας
425 1261 505 1330 μῆνας
518 1261 560 1314 καὶ
572 1262 697 1330 χειμῶνος
710 1255 796 1322 ίσσυς,

289 1357 384 1434 Φίλης
399 1355 424 1416 τ’
439 1355 556 1435 ὀπόρας
570 1354 727 1436 διπτύχους
740 1351 811 1433 ἦρός
824 1353 851 1415 τ’
867 1355 950 1419 ίσυυς

204 1458 231 1512 ἐν
244 1462 281 1535 τῷ
293 1459 336 1513 διδ
348 1464 441 1514 πασῶν
453 1462 479 1514 αί
493 1454 556 1532 ὧραι
569 1460 791 1530 μεταβάλλουσιν.

246 1674 418 1731 Plutarchus
437 1674 545 1731 Moral.
560 1694 590 1751 p.
610 1693 685 1747 ¹040
700 1674 728 1731 b.
736 1586 834 1729 9δίτω
852 1676 881 1730 δὲ
902 1673 1026 1747 διασύρας
1047 1675 1080 1728 τὰ
1098 1678 1147 1729 τοῦ
1165 1676 1309 1731 Πλάτωνος

203 1775 300 1828 ε’παινεί
311 1774 392 1828 πάλιν
404 1773 432 1827 ε’ν
444 1772 537 1829 ἄλλοις
551 1775 591 1828 καί
604 1774 764 1846 προφέρεται
777 1774 810 1827 τὰ
823 1774 964 1846 Εὐριπίδου
976 1774 1051 1828 ταυτί
1063 1774 1190 1830 πολλάκις

420 1866 488 1930 ἀλλ’
506 1867 598 1940 ἔστιν,
616 1870 699 1934 εἴτις
715 1869 829 1950 ἐγγελᾷ
844 1867 937 1952 λόγῳ,

293 1968 366 2036 Ζεὺς
381 1968 429 2032 καί
444 1969 507 2032 θεοὶ
519 1969 644 2050 βρότεια
657 1969 840 2034 λεύσσοντες
853 1967 942 2044 πόθη.

735 2119 775 2198 98

246 2227 383 2283 Clemens
403 2226 486 2283 Alex.
508 2227 651 2302 Protrept.
666 2244 696 2300 p.
713 2239 760 2300 50.
776 2224 821 2281 ed.
837 2222 919 2300 Sylb.
946 2227 1012 2279 Τότε
1030 2221 1053 2279 δ’
1072 2224 1168 2294 ἐμμανῆ
1193 2223 1309 2295 εἰσάγον

203 2323 335 2396 Ἠρρκλέα
350 2319 516 2395 (Εὐριπίδης)
532 2325 573 2377 καί
585 2321 712 2393 μεθύοντα
724 2321 855 2391 ἀλλαχόθι
868 2321 909 2375 καί
923 2320 1069 2391 ἄπληστον·
1095 2327 1150 2378 πῶς
1162 2321 1214 2394 γδρ
1227 2321 1307 2392 ούχίη

206 2420 235 2477 δς
248 2422 403 2490 ἑστιώμενος
415 2423 471 2478 ταῖς
487 2422 577 2492 κρίασι

593 2515 705 2594 Χλαρδ
720 2511 783 2575 σῦκ’
797 2512 949 2592 ἐπήσθιεν,

292 2614 397 2695 ἄμουσ’
413 2618 558 2689 ὑλακτῶν,
575 2616 654 2678 ὥστε
667 2614 813 2698 βορβόρῳ
828 2619 945 2693 μαθεῖν.

205 2737 313 2794 Athen.
323 2737 391 2795 VII.
407 2758 434 2813 p.
449 2737 507 2810 276
519 2736 542 2794 f.
565 2735 618 2794 οἶος
639 2736 670 2806 ἦν
683 2737 823 2810 Ἡρακλῆς,
838 2736 867 2794 δς
884 2739 938 2793 τοίς
953 2738 1052 2803 βοείοις
1072 2740 1178 2810 κρέασιν
1197 2737 1308 2808 ε’πίησθιε

205 2838 273 2890 σῦκα
285 2838 383 2908 χλωρά.
406 2834 552 2911 supplevit
566 2835 717 2912 Musgrav.

293 2931 406 3012 Κρίασι
419 2933 534 3013 βοείοις
547 2933 650 3014 χλωρὰ
665 2928 729 2993 σῦκ’
746 2928 897 3008 ἐπήσθιεν.

207 3033 305 3094 Verba
317 3037 411 3105 ἅρουσ’
427 3039 542 3092 ὑλακτῶν
555 3048 625 3093 sunt
636 3037 724 3093 etiam
739 3033 852 3091 Alcest.
871 3049 939 3108 777.

247 3277 383 3334 Clemens
394 3277 477 3334 Alex.
489 3277 598 3335 Strom.
614 3277 667 3334 III.
683 3295 711 3351 p.
726 3191 796 3351 49595.
818 3280 894 3350 Λέγει
906 3280 957 3350 γὰρ
972 3279 988 3348 ἡ
1001 3280 1131 3354 τραγῳδία

291 3371 335 3435 Tb
349 3371 389 3451 μὴ
404 3371 548 3453 γενέσθαι
563 3377 703 3454 κρεῖσσον
716 3368 735 3449 ἢ
750 3375 842 3453 φῦναι
855 3375 991 3452 βροτούς.

293 3472 395 3536 ἔπειτα
409 3478 514 3541 παῖδας
529 3474 586 3537 σὺν
599 3478 714 3554 πικραῖς
729 3474 876 3554 ἀλγηδόσι

295 3577 389 3639 τίκτω·
413 3579 540 3639 τεκοῦσα
553 3575 589 3653 δ’,
605 3573 642 3654 ἣν
658 3577 715 3654 μὲν
730 3577 863 3657 ἄφρονας
877 3574 960 3653 τίκα,

293 3677 390 3741 στένω
403 3678 541 3756 ματαίως,
559 3681 707 3760 είσορῶσα
721 3679 777 3756 μὲν
793 3677 906 3751 κακοὺς,

293 3781 439 3865 χρηστοὺς
453 3779 477 3844 δ’
494 3779 672 3845 δπολέσασ’·
695 3779 733 3860 ἢν
748 3782 780 3844 δὲ
796 3780 844 3844 καὶ
858 3780 1078 3860 σεσωσμένους,

293 3883 368 3963 τήκω
383 3882 529 3947 τάλαιναν
544 3885 665 3965 καρδίαν
680 3885 814 3968 ὀρρωδίη.

293 3985 324 4048 τί
335 3987 420 4046 τοῦτο
436 3983 470 4062 δὴ
484 3984 518 4047 τὸ
532 3985 683 4068 χρηστόν;
708 3984 761 4047 οὐκ
776 3985 862 4065 δρκεΐ
872 3985 943 4062 μίαν

293 4087 396 4168 ψυχὴν
411 4088 563 4162 ἀπολύειν,
581 4089 651 4151 κάπὶ
664 4085 741 4150 τοῦδ’
758 4086 840 4170 ἔχειν
853 4089 980 4160 πόνους;

208 4209 248 4262 καὶ
261 4206 298 4262 ίθ
312 4208 415 4275 ὁμοίως,

454 4285 581 4367 Ἔμοιγε
596 4291 649 4350 νῦν
663 4311 696 4350 τε
712 4285 759 4348 καὶ
773 4283 868 4348 πάλαι
883 4289 972 4348 δοκεῖ·
