2850 4898
507 284 855 345 ΑΠΟΣΠΑΣΜΑΤΙΑ.
1172 282 1232 346 851

224 448 343 510 έσθλῶν
358 448 410 510 ἀπ’
425 448 540 528 ἀνδρῶν
554 450 651 511 έσθλδ
667 451 826 530 γίγνεσθαι
839 448 939 525 τέκνα,

224 553 321 613 κακῶν
335 547 359 611 δ’
376 549 464 629 ὅμοια
477 552 512 630 τῇ
529 551 620 632 φύσει
635 553 670 629 τῇ
687 554 739 614 τοῦ
753 549 873 632 πατρός.

680 653 699 714 8

179 738 353 815 Hesychius,
368 738 577 795 Ἀπαιιίινιστοντ
600 739 751 813 δύσφημον.

224 833 383 914 Εὐριπίδης
396 833 580 913 Ἀλκμαίωνι
594 838 643 900 διδ
658 838 815 917 Κορίνθου.

571 1022 807 1081 ΑΛΚΜΑΙΩΝ.

178 1205 507 1282 Aristoph.Eq.12‹)9.

225 1301 305 1364 Οὐδὲ
320 1302 508 1368 πυνθάνεσθε
522 1307 613 1380 ταῦτ’,
629 1301 653 1366 θ
667 1303 819 1385 παρθένοι,
836 1305 891 1367 τάν
906 1307 940 1383 τῇ
956 1301 1062 1376 πάλει;

138 1404 188 1462 ubi
203 1405 293 1463 schol.
305 1409 320 1459 ά
335 1410 428 1481 στίχος
441 1411 470 1463 δὲ
483 1411 553 1483 παρὰ
566 1412 599 1463 τὰ
613 1411 642 1481 ἐξ
653 1409 828 1480 Ἀλκμαίωνος
842 1410 994 1483 Εὐριπίδου.

179 1571 314 1630 Stobaeus
327 1590 374 1630 22.
390 1593 419 1649 p.
437 1573 501 1633 188.
675 1508 714 1551 10

223 1671 359 1732 Ταπεινδ
373 1672 431 1750 γὰρ
445 1671 504 1752 χρὴ
517 1670 585 1736 τοὺς
600 1674 692 1737 κακῶς
705 1671 895 1751 πεπραγότας

224 1769 339 1853 λέγειν,
356 1773 386 1837 ές
401 1771 493 1854 ὄγκον
508 1770 532 1835 δ’
547 1773 600 1835 οὐκ
615 1774 676 1836 άνω
690 1770 819 1851 βλέπειν
833 1772 933 1853 τύχης.

179 1943 314 2002 Stobaeus
327 1944 437 2002 ibidem
451 1964 480 2020 p.
499 1946 565 2018 187.
673 1877 708 1920 H

223 2037 333 2121 Ὁρᾶτε
347 2039 401 2103 τὸν
416 2041 572 2121 τύραννον,
589 2042 627 2107 ὡς
641 2042 729 2108 ἄπαις
743 2040 840 2122 γέρων

223 2143 339 2223 φεύγει·
363 2147 489 2223 φρονεῖν
504 2144 536 2206 δὲ
552 2141 661 2222 θνητὸν
676 2142 737 2206 ὅντ’
753 2144 788 2206 ού
803 2143 861 2225 χρὴ
875 2141 962 2223 μέγα.

673 2247 711 2293 12

179 2314 314 2373 Stobaeus
328 2332 379 2390 47.
395 2335 423 2391 p.
439 2334 508 2391 343.

224 2415 288 2474 Φεῶ
301 2415 369 2492 φεύ,
386 2414 423 2475 τὰ
437 2412 556 2495 μεγάλα
569 2411 688 2492 μεγάλα
703 2412 750 2475 καὶ
764 2411 876 2495 πάσχει
892 2409 974 2474 κακά.

179 2584 312 2643 Stobaeus
327 2603 374 2643 22.
390 2607 420 2663 p.
440 2585 507 2660 187.
671 2517 707 2582 13

224 2685 346 2763 Βροτοΐς
359 2684 396 2745 τὰ
409 2684 496 2760 μείζω
510 2685 570 2745 τῶν
583 2681 685 2760 μέσων
700 2683 790 2745 τίκτει
806 2682 922 2748 νόσους·

224 2787 301 2846 θεῶν
316 2785 349 2846 δὲ
364 2784 486 2863 θνητοὺς
502 2784 614 2862 κόσμον
629 2783 664 2846 ού
678 2782 784 2864 πρέπει
799 2782 914 2863 φέρειν.

178 2972 313 3031 Stobaeus
328 2973 376 3030 60.
391 2992 421 3048 p.
432 2973 502 3047 384.
674 2905 712 2963 14

225 3068 359 3133 Μέτεστι
373 3074 434 3136 τοῖς
449 3071 583 3134 δούλοισι
597 3073 750 3132 δεσποτῶν
765 3068 868 3130 νάσου.

178 3259 312 3318 Stobaeus
326 3257 435 3318 ibidem
666 3187 702 3254 15

218 3352 327 3422 Ὅστις
338 3356 371 3419 δέ
386 3356 483 3440 δούλῳ
496 3354 575 3436 φωτὶ
589 3354 723 3418 πιστεύει
737 3356 866 3433 βροτῶν,

222 3456 343 3535 πολλὴν
356 3455 424 3537 παρ’
439 3456 509 3535 ἡμῖν
523 3457 636 3537 μωρίαν
650 3453 840 3537 ὀφλισκάνει.

178 3643 312 3702 Stobaeus
326 3644 376 3719 67.
391 3664 420 3720 p.
431 3663 470 3719 42
475 3663 503 3720 3.
534 3650 642 3702 Γυναῖκα
656 3559 842 3717 κάὶόδφελειαν
859 3645 989 3717 (δφιλίαν
1004 3642 1039 3700 G.
1054 3640 1235 3714 Dindorfius)

137 3744 178 3797 καί
199 3745 279 3798 νόσον
306 3743 381 3814 ἀνδρὶ
408 3745 484 3816 φέρει
507 3746 611 3817 (φέρειν
635 3742 860 3814 Valckenarius)
884 3743 1012 3816 μεγίσταν
1034 3741 1139 3812 ε’δίδοξο
1162 3741 1240 3815 τῶμφ

136 3841 218 3915 λόγῳ.

178 4003 313 4063 Stoboeus
329 4022 375 4080 77.
388 4025 417 4081 p.
429 4020 498 4080 454.

222 4102 270 4164 Τδ
284 4105 344 4162 τῶν
357 4096 504 4164 τεκόντων
518 4101 557 4168 ὥς
570 4098 746 4183 μετέρχεται
762 4098 829 4163 θεὸς

222 4201 385 4281 μιάσματα.

138 4306 309 4364 Plutarchus
323 4307 429 4364 Moral.
444 4327 472 4383 p.
483 4307 543 4382 556
559 4327 585 4365 e.
598 4319 628 4366 et
643 4306 701 4381 562
717 4304 736 4364 f.

182 4423 257 4466 ιὀῐ..
272 4424 309 4465 11.
676 4425 720 4466 cc

674 3935 709 4001 17
