2850 4898
184 277 250 343 862
627 285 855 347 ΕΎΡΙΠῘΔΟΎ

223 555 370 629 Aristoph.
387 553 461 610 Rau.
477 573 504 610 v.
520 554 606 628 1438.
641 557 694 610 Οὐκ
717 485 775 610 ἐστι
793 557 898 614 πειθοῦς
915 582 942 615 ιι.
953 583 978 616 τ.
992 563 1032 627 λ.,
1060 561 1112 618 ubi
1130 563 1223 621 schol.
1259 567 1290 638 ἐξ

182 651 333 725 Ἀντιγόνης
347 652 497 724 Εὐριπίδου.
537 653 613 708 Cum
632 651 762 710 secundo
776 670 863 711 versu
876 654 976 713 laudat
989 655 1088 715 Tzetz.
1104 657 1140 715 ad
1161 658 1289 719 Hesiodi

175 749 253 824 Ἐργ.
269 769 297 807 v.
318 763 382 825 135.

268 844 333 908 Οὐκ
348 844 413 908 ἔστι
423 847 552 910 Πειθοῦς
568 842 632 925 ἱρόν
646 845 725 908 όλλο
741 844 821 924 πλὴν
834 848 935 928 λόγος,

267 948 315 1010 καὶ
328 945 430 1026 βωμός
444 947 531 1026 αι’πῆς
546 944 608 1010 ἐστ’
624 948 658 1010 ἐν
671 948 827 1029 ἆνθρόπον
841 950 943 1029 φύσει.

179 1049 255 1110 V.1.
290 1052 373 1109 affert
402 1052 518 1110 Heracl.
546 1051 631 1129 alleg.
661 1053 749 1109 Hom.
780 1071 809 1128 p.
829 1053 899 1127 483.
935 1055 980 1112 ed.
1010 1055 1085 1113 Gale
1112 1056 1143 1113 in
1171 1056 1286 1132 Opusc.

180 1148 303 1225 mythol.

220 1346 355 1406 Stobaeus
365 1347 416 1421 46.
428 1368 456 1424 p.
470 1365 506 1423 32
511 1364 538 1422 5.
719 1280 738 1345 3

266 1449 325 1507 Δεῖ
336 1449 415 1507 τοῖσι
425 1449 551 1511 πολλοῖς
565 1443 618 1506 τὸν
633 1446 779 1524 τύραννον
794 1445 944 1511 ἁνδάνειν.

219 1662 354 1722 Stoboeus
368 1682 418 1738 41.
433 1686 463 1742 p.
476 1684 543 1740 241.
714 1600 736 1659 4

263 1762 381 1827 Οἰκεῖος
394 1762 575 1842 ἀνθρώποισι
589 1766 748 1846 γίγνεσθαι
763 1771 851 1849 φιλεῖ

262 1864 393 1942 πόλεμος
407 1864 441 1928 ἔν
456 1865 567 1938 ἀστοῖς,
585 1863 623 1928 ἂν
635 1871 797 1950 διχοστατῇ
812 1868 910 1933 πόλις.

215 2088 350 2147 Stobaeus
362 2106 411 2161 47.
425 2107 453 2163 p.
466 2106 536 2162 343.
713 2022 733 2087 5

260 2182 331 2248 06?
344 2184 421 2250 εἰκὸς
435 2185 539 2266 ἄρχειν
554 2183 612 2249 οὔτ’
630 2187 721 2268 ἐχρῆν
733 2186 809 2249 εῖναι
825 2188 928 2265 νόμον·

260 2286 406 2366 τόραννον
422 2284 498 2349 εἶναι
511 2287 606 2367 μωρία
616 2288 649 2350 τὸ
667 2289 714 2351 καὶ
728 2288 841 2365 θέλειν,

260 2388 292 2455 ὃς
306 2394 365 2451 τῶν
380 2389 490 2466 ὁμοίων
504 2390 649 2466 βούλεται
665 2395 783 2470 κρατεῖν
797 2391 895 2468 μόνος.

215 2611 349 2670 Stobaeus
364 2611 412 2668 61.
428 2631 456 2686 p.
470 2610 539 2684 386.
713 2526 733 2585 6

257 2705 382 2787 Ἀνδρὸς
397 2704 421 2770 δ’
438 2708 565 2786 ὁρῶντος
582 2710 622 2774 εἰς
638 2709 752 2788 Κύπριν
767 2708 886 2770 νεανίου

257 2811 429 2891 ἀφύλακτος
442 2810 460 2888 ἡ
475 2808 604 2889 τήρησις·
627 2808 664 2887 ἦν
679 2813 738 2891 γὰρ
753 2813 869 2890 φαῦλος
883 2805 901 2887 ᾖ

257 2910 354 2984 πόλλ’,
372 2913 413 2978 εἰς
427 2910 522 2992 ἔρωτα
535 2916 591 2978 πῖις
602 2912 677 2993 ἀνὴρ
692 2913 872 2993 σοφώτερος·

255 3013 293 3095 ἢν
307 3012 331 3079 δ’
344 3015 381 3078 αὖ
395 3017 541 3095 πρασῆται
556 3015 675 3095 Κύπρις,
691 3013 813 3092 ἥδιστον
827 3015 948 3090 λαβεῖν.

210 3236 343 3297 Stobaeus
357 3236 407 3293 62.
422 3255 451 3312 p.
464 3234 533 3311 398.
556 3164 727 3292 ΡΙιιῑιιςολιιΞ
741 3233 818 3312 apud
840 3232 991 3291 Stobaeum
1005 3232 1046 3292 ib.
1058 3250 1086 3309 p.
1097 3245 1166 3306 503.

250 3330 366 3414 Ἥρων·
398 3331 432 3395 τὸ
447 3332 606 3411 μαίνεσθαι
621 3327 645 3392 δ’
661 3328 706 3411 ἆρ’
722 3329 759 3409 ἦν
774 3329 846 3411 ἔρως
859 3333 989 3410 βροτοῖς.

709 3466 728 3526 8

212 3558 346 3615 Stobaeus
359 3557 408 3631 65.
423 3575 452 3631 p.
475 3571 545 3627 411.

254 3653 397 3734 Ζευχθεὶς
410 3649 551 3732 γάμοισιν
565 3647 658 3713 οὐκέτ’
675 3646 736 3712 ἔστ’
753 3649 919 3729 ἐλεύθερος,

254 3753 322 3819 ἀλλ’
340 3754 373 3817 ἕν
388 3754 415 3834 γ’
430 3752 494 3835 ἔχει
508 3777 535 3814 τι
550 3748 691 3833 χρηστόν·
716 3752 750 3813 ἐν
766 3748 844 3828 κήδει
859 3751 917 3830 γὰρ
932 3747 973 3812 ὢν

253 3859 352 3942 ἐσθλῷ
362 3854 474 3919 δέδοικε
488 3856 580 3934 μηδὲν
595 3851 817 3933 ἐξαμαρτάνειν.

166 3964 278 4022 Primus
292 3978 393 4018 versus
406 3959 543 4017 tribuitur
558 3957 728 4034 Hippothoe
743 3953 819 4031 apud
834 3952 983 4013 Stobaeum
999 3953 1047 4012 66.
1057 3975 1085 4032 p.
1096 3971 1165 4027 42¹·

206 4178 299 4236 Clem.
314 4175 398 4233 Alex.
411 4173 518 4232 Strom.
534 4171 586 4228 Vl.
598 4191 627 4247 p.
641 4105 866 4246 741?Stobaeus
882 4186 930 4244 75.
946 4188 975 4245 p.
987 4184 1057 4245 452.

248 4270 394 4349 Ὀνόματι
407 4267 540 4348 μεμπτὸν
555 4267 589 4330 τὸ
605 4269 704 4341 νόθον,
721 4267 739 4346 ἡ
755 4266 845 4347 φόσις
859 4264 883 4328 δ’
899 4268 961 4344 ἴση.
