2850 4898
495 309 841 371 ΑΠΟΣΠΑΣΜΑΤΙΑ.

148 562 282 620 Stobaeus
301 563 346 621 16.
363 582 392 638 p.
412 577 477 637 153.
640 494 681 560 32

194 661 232 722 Εί
246 656 271 722 δ’
287 658 419 741 εὐτυχεῖν
434 684 477 726 τις
492 660 540 722 καὶ
554 661 625 738 βίον
641 658 816 738 κεκτημένος

193 762 285 840 μηδὲν
299 758 416 840 δόμοισι
430 766 489 824 τῶν
504 765 605 825 καλοῖν
619 760 805 841 πειράσεται,

194 862 253 944 ἐγὼ
268 864 324 942 μὲν
339 861 438 926 οὔποτ’
455 862 545 927 αὐτὸν
559 866 669 943 ὄλβιον
684 869 775 936 καλῶ,

194 966 316 1045 φύλακα
325 967 357 1027 δὲ
371 969 490 1043 μᾶλλον
505 965 663 1048 χρημάτων
677 967 847 1046 εὐδαίμονα.

638 1089 680 1155 33

150 1155 284 1214 Stobaeus
298 1154 325 1212 6.
335 1176 364 1232 p.
378 1172 426 1232 79.

195 1251 254 1315 Καὶ
267 1250 326 1330 μὴν
340 1252 409 1315 δσοι
422 1254 479 1331 μὶν
493 1252 603 1334 σαρκὸς
618 1255 660 1321 εἰς
675 1254 792 1333 εὐεξίαν

195 1355 322 1417 ἀσκοῦσι
334 1354 450 1432 βίοτον,
465 1351 502 1434 ἦν
514 1360 658 1436 σφαλῶσι
671 1353 840 1438 χρημάτων,

196 1456 279 1519 κακοὶ
292 1461 423 1520 πολῖται·
453 1461 501 1521 δεῖ
512 1460 570 1538 γὰρ
584 1455 665 1538 ἄνδρ’
682 1456 852 1537 εἰθισμένον

196 1554 369 1622 άκάλαστον
383 1557 454 1636 ἦθος
468 1559 598 1640 γαστρὸς
612 1560 646 1624 ἔν
660 1560 755 1645 ταύτῷ
769 1559 881 1640 με’νειν.

150 1763 284 1823 Stobaeun
298 1783 326 1839 3.
342 1785 371 1841 p.
381 1764 431 1841 38.
640 1698 683 1763 34

193 1858 274 1942 Ἐγὼ
288 1862 345 1941 μὲν
359 1861 413 1925 οὖν
428 1858 525 1944 ᾅδοιμι
537 1862 585 1925 καὶ
599 1860 721 1943 λέγοιμί
732 1887 760 1926 τι

196 1962 307 2045 σοφδν,
323 1962 484 2046 ταράσσων
499 1965 592 2044 μηδὲν
606 1961 648 2028 ιδν
663 1961 753 2031 πάλις
768 1969 863 2027 νοσεῖ.

152 2152 286 2212 Stobaeus
302 2155 350 2229 56.
364 2175 393 2233 p.
403 2171 472 2229 374.
640 2083 682 2152 35

190 2246 299 2317 Ὅστις
312 2252 345 2314 δὲ
357 2248 489 2332 πράσσει
502 2252 616 2324 πολλὰ,
631 2250 673 2330 μὴ
689 2248 840 2331 πράσσειν
852 2249 959 2331 παρδν,

195 2357 303 2433 μῶρος,
317 2350 414 2433 παρδν
427 2355 480 2429 ὄιν
494 2351 587 2432 ἡδέος
601 2352 788 2435 ἀπράγμονα.

661 2473 680 2534 6

152 2555 287 2616 Stobaeun
301 2558 352 2631 46.
367 2579 397 2636 p.
411 2574 481 2636 325.
637 2491 657 2556 3

195 2651 235 2718 ‘0
251 2659 275 2717 δ’
290 2654 404 2736 ἥσυχος
418 2657 542 2737 φίλοισί
553 2656 579 2718 τ’
594 2654 735 2736 ἀσφαλὴς
749 2656 840 2738 φίλος

197 2754 284 2819 πόλει
299 2754 323 2818 τ’
340 2758 468 2837 άριστος.
491 2757 531 2837 μὴ
547 2759 584 2820 τδ
599 2759 811 2837 κινδυνεύματα

198 2855 311 2921 αἰνεῖτ’·
336 2859 395 2940 ἐγὼ
410 2862 469 2942 γὰρ
483 2860 552 2925 οὔτε
567 2862 708 2924 ναυτίλον
723 2866 803 2942 φιλῶ

197 2966 353 3039 τολμῶντα
366 2964 437 3025 λίαν
451 2962 520 3026 οὔτε
533 2960 704 3043 προστάτην
718 2961 837 3045 χθονός.

152 3147 285 3208 Philostr.
298 3149 359 3207 Vn.
372 3150 463 3226 Soph.
478 3149 518 3208 ΙΙ.
533 3164 581 3224 27,
591 3167 621 3223 4.
637 3077 747 3227 37618.
773 3153 891 3222 Μελίτης
904 3152 934 3207 δὲ
947 3151 1141 3225 δἹππόδρομος
1155 3156 1215 3207 οὔτε

112 3249 140 3303 ἐν
148 3247 220 3323 ἀγρῷ
227 3249 392 3318 διαιτώμενος
400 3247 489 3320 ἢμελει
500 3252 559 3304 οὔτε
569 3250 723 3323 ὁδοιπορῶν,
733 3252 793 3304 οὔτε
803 3250 831 3305 ε’ν
844 3250 984 3321 θετταλίρ,
996 3250 1067 3304 ἀλλὰ
1080 3251 1121 3305 καῖ
1131 3253 1214 3325 κρεῖτ-

111 3367 159 3401 τον
169 3344 253 3414 ὄλβου
266 3348 349 3415 κτῆμα
357 3345 442 3400 ε’κάλει
454 3345 534 3415 αὐτὴν
543 3345 571 3401 εἰι
583 3350 636 3401 τῶν
645 3345 785 3419 Εὐριπίδου
799 3368 829 3400 τε
840 3343 923 3417 ὕμνων
935 3348 977 3402 καί
987 3343 1143 3420 ’λμφίονοπ

663 3438 681 3499 8

153 3526 288 3586 Stobaeus
306 3545 330 3583 1.
346 3547 376 3604 p.
390 3545 414 3583 1.
639 3458 658 3523 3

199 3626 287 3703 Τρεῖς
302 3624 379 3685 εῖσιν
394 3622 507 3702 άρετοῖ,
524 3624 576 3687 πδς
590 3623 689 3705 χρεὼν
704 3619 732 3683 σ’
748 3624 863 3696 ἀσκεῖν,
880 3622 995 3697 τέκνον,

199 3722 285 3788 θεούς
298 3745 332 3784 τε
345 3725 442 3800 τιμᾶν,
458 3723 526 3788 πούς
539 3746 573 3785 τε
586 3722 741 3802 φύσαντας
756 3728 865 3806 γονεῖς,

200 3825 307 3903 νόμους
320 3848 354 3887 τε
371 3824 484 3890 κοινοὺς
497 3821 656 3890 Ἑλλάδος.
680 3824 729 3888 καὶ
743 3829 835 3890 ταῦτα
849 3828 926 3906 δρῶν

200 3925 365 3990 κάλλιστον
380 3926 455 4005 ἔξεις
470 3924 624 4008 στέφανον
639 3926 774 3994 εὐκλείας
785 3928 843 3991 άεί.

642 4046 685 4112 39

154 4116 287 4174 Stobaeus
302 4133 350 4190 30.
362 4134 392 4192 p.
406 4133 474 4172 210.

200 4211 320 4273 Πολλοὶ
334 4212 366 4274 δὲ
383 4214 496 4290 θνητῶν
509 4213 595 4274 τοῦτο
610 4207 782 4291 πάσχουσιν
798 4212 898 4274 κακόν·

200 4313 302 4394 γνοῖμη
317 4315 498 4395 φρονοῦντες
511 4312 546 4375 οὗ
561 4310 680 4376 θέλουσ’
694 4313 852 4392 ὑπηρετεῖν

199 4418 297 4498 ψυχῇ,
312 4418 350 4479 τδ
362 4417 464 4478 πολλὰ
477 4412 550 4495 πρδς
563 4414 663 4496 φίλων
677 4416 843 4495 νικώμενοι.

653 4520 701 4578 nd
714 4538 729 4578 τ
