2850 4898
602 283 751 347 NOTAE.

300 453 348 518 έπὶ
362 454 426 534 δορὶ
441 453 488 516 καὶ
503 453 587 537 φόνῳ
603 452 651 515 καὶ
666 454 744 532 έμῶν
758 450 915 532 μελάθρων
927 452 1024 535 λώβᾳ·

300 554 400 619 στένει
415 557 447 619 δὲ
463 556 514 618 καί
525 579 568 620 τις
583 555 659 636 ἀμφὶ
674 554 727 617 τόν
743 555 847 635 εύροον
862 553 1012 634 Εὐρώταν.

128 660 280 722 Extrema
295 671 399 720 autern
415 655 507 743 epodi
523 655 618 720 verba
633 655 664 718 in
680 656 840 721 codicibus
853 654 962 720 leviter
976 669 1124 742 corrupta
1138 668 1211 717 sunt

299 761 408 826 άλίσας
422 761 439 822 ό
453 757 546 840 πάρος
560 757 693 841 ἀρχαγὸς

299 860 341 924 ὢν
354 859 515 943 Ἐρεχθεὺς
529 861 612 938 άναξ.

127 962 243 1048 quibus
266 961 456 1047 corrigendis
473 961 513 1024 ad
530 983 637 1024 verum
661 961 803 1048 proxime
824 960 950 1023 accessit
963 959 1112 1045 Scaliger,
1128 982 1227 1046 qnunr

127 1062 194 1130 άλις
208 1063 276 1132 ἅλις
290 1067 306 1127 ό
321 1063 414 1146 πάρος
428 1078 602 1149 reponeret.
649 1062 855 1126 Scribendurn
874 1086 958 1141 vero,
976 1079 1011 1128 nt
1027 1085 1088 1126 non
1105 1078 1227 1127 senten-

128 1165 181 1228 tioe
196 1180 331 1243 tantum,
344 1166 398 1228 sed
414 1165 505 1228 etiam
521 1182 622 1230 metro
637 1165 776 1243 satisfiat,

300 1269 387 1334 ἁλίας
401 1269 489 1334 ἁλίας
504 1270 520 1330 ό
536 1266 629 1348 πάρος
643 1267 776 1350 ἀρχαγὸς
789 1265 830 1330 ὢν

298 1369 459 1452 Ἐρεχθεὺς
473 1371 557 1448 άναξ.

127 1471 215 1537 ἁλίας
228 1493 302 1534 vero
315 1471 411 1545 istud,
428 1494 482 1535 seu
497 1469 584 1538 ἅλιος
597 1472 705 1549 mavis,
717 1471 741 1535 si
756 1472 837 1537 forte
848 1474 964 1559 quaeris
974 1472 1052 1561 quid
1065 1474 1227 1561 significet,

128 1574 204 1638 scito
218 1573 251 1636 id
266 1573 368 1660 ipsunt
385 1597 450 1636 esse
464 1573 552 1659 quod
565 1573 683 1661 placuit
699 1573 856 1661 scaligero
871 1574 946 1643 ἅλις.
977 1576 1160 1664 Etymolog.
1178 1580 1227 1641 M.

127 1699 158 1763 p.
181 1678 297 1761 63,18.
328 1676 456 1744 Ἀλιαςε
483 1677 566 1742 έστιν
588 1675 663 1750 ἅλις,
681 1679 729 1740 καὶ
743 1682 925 1764 πλεονασμῷ
939 1683 992 1742 τού
1007 1705 1025 1743 α
1040 1678 1136 1747 άλιας.
1164 1681 1229 1744 ἔστι

128 1780 161 1842 δὲ
187 1784 312 1861 μονῆμες
332 1779 367 1842 τὸ
389 1780 543 1861 έπίρρημα.
570 1781 656 1844 οὐδὲν
675 1780 734 1862 γάρ
750 1782 833 1843 έστιν
849 1784 890 1847 εἷς
905 1807 940 1848 ας
955 1783 1099 1863 ἐπίρρημα
1112 1809 1226 1863 προπα-

127 1883 296 1960 ροξύτονον,
312 1886 398 1945 τοῦτο
420 1884 452 1944 δὲ
473 1884 577 1960 μόνον·
599 1882 633 1945 τὸ
655 1884 687 1944 δὲ
710 1885 805 1945 αἴτιον
827 1887 880 1945 τοῦ
893 1884 981 1946 τόνον
995 1886 1012 1946 ὁ
1027 1887 1227 1964 πλεονασμός·

128 1982 197 2046 ἀλλ’
220 1981 238 2062 ἢ
264 1986 415 2062 όξύτονον,
443 1985 481 2050 ὡς
503 1986 552 2047 ἐπὶ
574 1989 627 2047 τοῦ
649 1983 717 2050 ἑκάς
739 1986 844 2063 ἔμπας,
867 1983 885 2063 ἢ
906 1986 1119 2066 παροξύτονον,ι
1135 1989 1173 2054 ὡς
1194 1987 1228 2051 τὸ

129 2093 151 2124 “
165 2083 310 2167 Ἀτρέμας
331 2085 388 2164 ἧσο
413 2085 521 2166 (Iliad.
538 2085 583 2166 β’,
601 2087 719 2169 200.).”
748 2089 838 2153 οὕτως
862 2085 1054 2167 Ἠροδιανός
1095 2090 1230 2152 Ioannes

129 2187 364 2250 Alexandrinus
379 2188 419 2251 ab
434 2211 484 2251 rne
499 2188 602 2252 editus
615 2211 648 2275 p.
659 2189 714 2272 38,
732 2206 780 2253 12.
818 2189 863 2252 Τὸ
877 2188 980 2268 μέντοι
994 2189 1088 2257 πέλας
1102 2192 1229 2271 βαρύνε-

128 2314 175 2352 ται
205 2290 251 2353 καὶ
277 2289 311 2352 τὸ
334 2288 470 2371 ἀτρέμας,
487 2292 560 2371 όπερ
582 2292 629 2354 καὶ
647 2291 736 2374 χωρὶς
755 2295 807 2354 τοῦ
827 2318 849 2353 c
862 2292 985 2373 λέγεται
1001 2291 1121 2372 ἀτρέμα.
1145 2292 1180 2355 τὸ
1195 2295 1228 2355 δὲ

129 2393 215 2459 ἁλίας
228 2390 297 2474 παρ’
312 2390 491 2457 Ἱππώνακτι
505 2395 700 2472 παροξύνεται
721 2394 779 2456 ἀπὸ
799 2398 852 2456 τοῦ
866 2391 942 2466 άλις,
958 2394 1133 2457 πλεονάσαν
1147 2395 1181 2458 τὸ
1197 2421 1226 2459 α.

128 2494 218 2581 cujus
232 2493 264 2557 in
280 2494 382 2559 verbis
396 2493 483 2563 άλιας
497 2511 529 2559 et
543 2496 796 2577 προπαροξύνεται
811 2494 1041 2581 corrigendum.
1074 2496 1229 2560 Dochrnio

128 2612 231 2659 antem
255 2596 305 2660 isti
327 2595 415 2664 άλιας
436 2596 522 2664 άλιας
536 2600 553 2659 ό
568 2597 677 2678 πάρος
695 2595 869 2660 simillimus
883 2597 913 2659 in
931 2599 1042 2662 Oreste
1056 2612 1141 2662 estv.
1157 2618 1227 2681 149.

128 2697 255 2780 ἀτρέμας
269 2698 396 2779 ἀτρέμας
409 2702 460 2762 ἴθι.

174 2800 211 2862 V.
224 2821 297 2885 999.
320 2799 510 2884 Ἐριχθόνιον
533 2799 646 2871 οἶσθας,
662 2801 694 2862 τί
713 2799 737 2863 δ’
756 2802 791 2864 οὗ
811 2800 943 2880 μέλλεις,
963 2801 1090 2889 γέρον;]
1126 2803 1228 2889 Vulgo

127 2901 316 2986 Ἐριχθόνιον
331 2903 407 2967 οἶσθ’
422 2933 428 2976 ;
452 2901 471 2982 ἢ
485 2905 517 2967 τί
528 2901 555 2985 γ’
571 2904 606 2965 οὐ
620 2901 751 2980 μέλλεις,
767 2903 859 2985 γέρον
872 2931 879 2975 ;
910 2906 982 2980 Quo
996 2903 1090 2966 inodo
1109 2905 1162 2990 qni
1180 2906 1226 2969 lo·

128 3021 220 3069 cutus
235 3005 274 3070 sit
288 3029 347 3092 ego
363 3006 434 3068 novi
451 3006 614 3068 neminem.
641 3003 793 3067 Usitatarn
811 3005 841 3067 in
859 3003 911 3067 tali
928 3005 1080 3069 sententia
1094 3007 1226 3072 fornianr

127 3103 276 3191 loquendi
291 3105 357 3171 τίδ’
370 3108 499 3192 or'r‚quae
514 3106 625 3169 medie
639 3105 798 3169 sententia·
813 3105 943 3192 interjici
959 3106 1048 3184 solet,
1064 3126 1227 3173 servarunt

127 3239 198 3303 libri
214 3242 320 3328 scripti
343 3256 404 3305 tres
418 3242 503 3329 apud
521 3242 704 3318 Matthiam,
720 3241 750 3304 in
766 3241 882 3327 quibus
897 3240 973 3304 οἶσθ’
989 3238 1007 3319 ἢ
1022 3242 1053 3304 τί
1064 3205 1088 3306 θ’
1104 3245 1139 3308 οὐ
1152 3245 1191 3324 μέ
1215 3289 1225 3298 -

128 3353 191 3411 λεις
212 3359 386 3425 exaratum,
409 3360 440 3409 et
461 3344 630 3408 Vaticanus
656 3343 818 3408 Palatinus
841 3345 914 3426 287.
937 3344 992 3430 qui
1019 3346 1228 3434 superscripto

128 3443 181 3507 ilio
195 3444 223 3528 γ’
239 3460 332 3511 caret.
380 3448 452 3510 Hoc
469 3446 583 3510 indicio
603 3461 649 3510 cst
668 3462 698 3510 et
714 3472 751 3528 γε
765 3446 805 3509 ab
820 3460 991 3509 correctore
1005 3471 1070 3510 esse
1090 3449 1225 3533 positum

128 3564 160 3613 ct
173 3546 191 3627 ἢ
206 3548 310 3635 inepte
324 3549 457 3628 illatum,
471 3573 509 3612 ex
526 3571 591 3634 qno
605 3549 682 3612 οἶσθ’
698 3548 787 3612 scribi
804 3548 906 3634 coepit.
948 3549 1085 3612 Restitni
1112 3550 1225 3624 οἶσθας,

128 3650 168 3713 de
182 3674 257 3736 qno,
275 3666 310 3714 nt
331 3651 392 3715 alia
409 3675 482 3737 quoe
504 3650 563 3714 dici
585 3667 710 3736 possent
725 3651 878 3727 omittam,
895 3673 966 3713 vere
980 3651 1122 3738 praecipit
1139 3654 1225 3716 Pho-

129 3751 191 3815 tius
205 3775 237 3839 p.
248 3771 324 3837 323,
344 3774 392 3837 19.
416 3753 533 3816 Οἶσθαε
559 3755 625 3816 ἀντὶ
640 3758 693 3816 τοῦ
707 3753 797 3819 οἶδας.
827 3752 949 3834 λέγεται
968 3756 999 3816 δὲ
1020 3755 1109 3836 χωρὶς
1129 3760 1182 3818 τοῦ
1196 3782 1226 3829 σ,

127 3857 202 3933 μετὰ
220 3857 251 3916 δὲ
273 3859 324 3917 τοῦ
338 3881 360 3917 σ
373 3858 445 3919 ποτὲ
460 3853 478 3934 ἢ
493 3855 589 3919 διὰτὸ
603 3854 722 3936 μέτρον,
738 3853 756 3934 ἦ
771 3859 819 3919 διὰ
834 3856 868 3917 τό
887 3856 927 3934 μὴ
950 3861 1131 3937 συγκροῦσαι
1153 3860 1226 3937 σύμ-

129 3964 216 4037 φωνα
243 3956 438 4037 (φωνήεντα).
484 3959 620 4043 Propter
644 3956 774 4020 eandem
799 3957 888 4019 metri
916 3956 1123 4021 necessitatem
1149 3959 1229 4026 οἶδας

129 4056 209 4121 dixit
224 4057 255 4121 in
271 4056 431 4122 Alcestide
447 4083 476 4124 v.
489 4059 560 4141 780.

301 4164 338 4225 τά
353 4166 445 4241 θνητά
458 4159 604 4243 πράγματ’
616 4160 697 4227 οἶδας
711 4160 748 4239 ἣν
763 4160 827 4243 ἔχει
842 4162 953 4242 φύσας

618 4285 637 4320 n
654 4284 705 4321 ns
