2850 4898
484 293 830 354 ΑΠΟΣΠΑΣΜΑΤΙΑ.

150 551 284 610 Stobaeus
300 549 348 624 85.
363 568 391 624 p.
403 548 472 624 496.
640 481 678 524 10

194 644 236 709 ‘H
252 647 310 725 γὰρ
321 645 440 722 δόκησις
452 643 583 724 πατράσι
596 648 704 710 παῖδας
719 643 828 708 είκέναι

195 750 233 810 τὰ
246 748 350 811 πολλὰ
363 747 454 824 ταύτῃ
469 746 603 827 γίγνεται
619 745 732 811 τέκνων
742 745 820 827 πέρι.

644 902 678 946 11

151 969 287 1028 Stobaeus
302 967 350 1026 88.
365 987 394 1044 p.
408 980 478 1042 500.

195 1065 240 1129 Τδ
254 1069 353 1144 μῶρον
368 1063 444 1148 αὐτῷ
459 1066 512 1126 τοῦ
526 1063 637 1145 πατρὸς
652 1062 756 1144 νόσημ’
773 1064 827 1129 έυι·

200 1172 288 1249 φιλεῖ
296 1168 354 1248 γὰρ
369 1167 460 1232 οθτως
475 1167 508 1229 ἐκ
523 1170 619 1230 κακῶν
635 1165 712 1230 εἶναι
726 1169 840 1234 κακούς.

152 1372 389 1449 Stobaeus91.p.
402 1389 473 1448 507.
646 1303 685 1348 12

196 1468 321 1551 Ἀνδρδς
335 1469 428 1550 φίλου
442 1470 474 1532 δὲ
485 1467 597 1550 χρυσὸς
611 1469 737 1546 ἀμαθίας
750 1468 825 1546 με’τα

198 1573 356 1654 ἄχρηστος,
373 1574 401 1635 εί
413 1571 453 1651 μὴ
470 1568 595 1650 κάρετὴν
611 1570 690 1652 ἔχων
705 1572 798 1653 τύχοι.

155 1777 289 1836 Stobaeus
303 1797 368 1835 102.
380 1796 408 1853 p.
420 1776 488 1851 558.
648 1708 682 1773 ¹3

197 1873 263 1937 Ἐπ’
280 1874 373 1954 άκραν
386 1872 497 1952 ἥκομεν
508 1872 645 1953 γραμμὴν
661 1878 766 1935 κακῶν.

155 2096 289 2155 Stobaeus
308 2098 373 2154 106.
385 2116 415 2172 p.
431 2096 501 2171 567.
649 2028 687 2086 14

544 2190 597 2270 Μή
612 2215 665 2254 νυν
679 2189 751 2254 θέλε

199 2300 306 2358 λυπεῖν
320 2294 458 2367 σεαυτὸν,
475 2295 558 2360 εἰδιδς
572 2294 618 2355 ότι

200 2396 346 2464 πολλάκις
360 2397 393 2459 τό
408 2399 522 2460 λυποῦν
536 2397 662 2476 ὕστερον
677 2398 774 2477 χαρὰν
788 2396 865 2477 άγει,

201 2500 248 2563 καὶ
263 2499 296 2562 τὸ
312 2499 402 2564 κακὸν
418 2501 532 2580 ἀγαθοῦ
546 2500 681 2580 γίγνεται
696 2499 862 2577 παραίτιον.

650 2634 689 2702 ¹5

157 2706 291 2765 Stobaeus
311 2707 374 2764 106.
389 2726 416 2781 p.
430 2705 501 2780 568.

196 2799 305 2868 Ὅστις
319 2803 352 2865 δὲ
366 2801 439 2882 πρὸς
452 2801 487 2866 τδ
501 2804 609 2865 πῖπτον
625 2799 756 2882 εὐλόγως
770 2800 856 2882 φέρει

201 2903 255 2967 τὸν
270 2901 394 2982 δαίμον’,
411 2904 495 2970 οὗτος
509 2901 607 2982 ἧσσόν
624 2901 685 2965 ἐστ’
703 2900 854 2977 ἀνόλβιος.

649 3039 688 3101 16

157 3123 266 3184 Stobaei
277 3125 410 3203 Append.
422 3145 438 3183 e
452 3124 603 3184 cod.F10r.
615 3124 691 3201 apud
702 3125 794 3182 Gaiss.
808 3126 867 3183 vol.
878 3124 929 3183 IV.
944 3144 973 3202 p.
987 3126 1033 3182 28.

198 3219 360 3285 Ἀκουσον·
385 3222 492 3303 οὐγὰρ
507 3223 536 3284 ol
551 3225 644 3288 κακῶς
658 3218 843 3303 πεπραγότες

203 3322 260 3387 σὺν
273 3328 337 3389 ταῖς
351 3324 470 3405 τύχαισι
484 3321 551 3389 τοὺς
561 3318 672 3402 λόγους
685 3322 856 3386 ἀπώλεσαν.

158 3543 292 3604 Stobaeus
312 3563 375 3617 124.
388 3564 417 3621 p.
433 3545 502 3620 619.
652 3471 687 3537 17

205 3642 345 3708 Θάνατος
358 3644 416 3723 γὰρ
431 3640 614 3720 ἆνθρῶποισι
629 3638 750 3704 νεικέων
764 3637 851 3704 τέλος

204 3743 276 3827 ἔχει·
302 3744 334 3806 τί
345 3746 403 3824 γὰρ
417 3741 493 3805 τοῦδ’
506 3742 571 3805 ἐστὶ
585 3748 685 3821 μεῖζον
701 3744 734 3805 ἐν
749 3745 870 3822 βροτοῖς
883 3769 891 3811 ;

203 3848 247 3913 τίς
261 3849 319 3928 γὰρ
333 3848 473 3925 πετραῖον
487 3841 641 3908 σκόπελον
652 3844 780 3919 οὐτάζων
796 3843 859 3924 δορὶ

204 3949 339 4013 ὀδύναισι
354 3948 458 4019 δόσει;
483 3947 526 4012 τίς
542 3943 565 4008 δ’
583 3945 728 4024 ἀτιμάζων
740 3945 835 4023 νέκυς,

205 4053 232 4114 εί
245 4052 337 4130 μηδὲν
352 4047 543 4113 αἰσθάνοιντο
555 4053 614 4112 τῶν
627 4047 808 4128 παθημάτων
821 4075 828 4120 ;

160 4273 257 4331 Schol.
281 4271 396 4329 Pindari
416 4272 499 4348 Pyth.
525 4289 555 4346 3,
573 4269 638 4344 ¹76.
649 4184 761 4342 ιξυόνῃ
775 4276 807 4342 τῇ
821 4274 920 4344 Σκμτλῃ
935 4272 1012 4344 φησί·
1034 4272 1156 4343 διωνυμίρ
1169 4273 1219 4344 γὰρ
