2850 4898
94 373 97 376 .
212 283 278 349 990
654 290 884 354 αυνιαιασυ

211 514 321 579 βλέπειν
334 511 380 568 οὖν
396 517 437 569 καὶ
458 513 526 588 ιίρην
546 518 587 571 καὶ
600 521 688 591 χώρην
701 521 742 574 καὶ
756 519 855 589 ἡλικίην
869 521 909 575 καὶ
924 520 1045 588 νούσους,
1059 524 1219 595 γράφοντος,
1235 525 1315 596 Εὐρι-

211 610 288 679 πίδης
302 611 329 665 εὐ
340 613 471 686 ἑξαμέτρῳ
483 611 579 685 χρήσει

465 704 560 771 Ὅσοι
575 707 599 771 δ’
616 711 762 791 ἰατρεύειν
778 717 883 785 καλῶς,

298 808 372 890 πρὸς
385 811 437 876 τδς
452 810 564 877 διαίτας
578 816 637 874 τῶν
653 813 847 877 ἐνοικούντων
862 815 953 877 πόλιν

297 911 351 990 τὴν
366 915 422 993 γῆν
437 909 461 974 τ’
478 913 603 990 ἰδόντας,
619 916 671 981 τὰς
689 912 797 982 νόσους
811 921 936 979 σκοπεῖν
949 917 1057 998 χρειίυ.

252 1151 418 1207 Phurnutus
429 1150 466 1207 de
479 1151 548 1208 Nat.
565 1153 593 1210 d.
603 1170 649 1210 20.
665 1174 694 1230 p.
708 1085 833 1226 ιδῗεά.
849 1154 933 1212 Gale.

299 1246 422 1327 Κορυφῆ
437 1249 469 1310 δὲ
487 1252 573 1339 θεῶυ,
589 1251 653 1313 κατ’
670 1250 840 1331 Εὐριπίδην,
857 1251 873 1312 ὁ
888 1249 956 1331 περὶ
970 1248 1055 1332 χθόν’
1071 1251 1149 1334 ἔχων

296 1350 422 1431 φαεινὸς
437 1350 531 1432 αἰθήρ.

250 1588 410 1645 Athenaeus
425 1588 477 1645 IV.
499 1608 528 1665 p.
542 1590 597 1664 158
612 1587 631 1644 f.
665 1590 719 1645 Κάν
732 1521 825 1649 δίλιοις
838 1593 869 1647 δι’
880 1595 964 1664 φησιν
978 1595 993 1646 ὀ
1007 1594 1128 1663 σκηνικὸς
1141 1591 1217 1650 οὗτος
1231 1596 1314 1665 φιλό-

209 1709 230 1741 σ
285 1709 298 1743 5

230 1689 282 1758 σφα
294 1781 399 1862 Ἀρκεῖ
409 1781 515 1861 μετρία
528 1781 618 1860 βιοτά
632 1808 682 1861 μοι
698 1784 855 1866 σώφρονος
863 1784 1015 1866 τραπέζης,

294 1882 329 1946 τδ
345 1880 368 1946 δ’
384 1884 505 1964 ἄκαιρον
520 1881 601 1948 ἅπαν
616 1881 675 1948 τίδ’
691 1887 887 1968 ὑπερβάλλον
901 1913 935 1952 τε
948 1886 988 1967 μὴ
1003 1887 1179 1969 προσείμαν.

249 2124 406 2182 Athenaeus
420 2123 473 2181 VI.
488 2143 517 2199 p.
528 2140 585 2197 270
598 2143 624 2181 c.
644 2124 690 2180 Ἐν
699 2055 819 2199 κινδῇιφὰρ
828 2127 925 2200 γαστρὶ
937 2131 989 2180 τῶν
1002 2128 1087 2180 καλῶν
1100 2128 1163 2199 ἔρως
1174 2125 1229 2180 Οὔκ
1243 2126 1313 2181 ἔστι·

208 2228 331 2278 πεινῶσιν
343 2224 393 2295 γὰρ
408 2222 423 2292 ἡ
438 2219 536 2294 Κύπρις
549 2223 637 2294 πικρὰ,
651 2220 757 2293 Ἀχαιός
769 2225 854 2295 φησιν
864 2224 892 2277 ἐν
905 2221 1000 2278 Αἴθωνι
1014 2226 1155 2298 σατυρικῷ.
1176 2222 1237 2298 παρ’
1252 2221 1284 2277 οὗ
1299 2225 1314 2276 δ

209 2321 296 2392 σοφὸς
309 2320 449 2392 Εὐριπίδης
461 2321 552 2385 λαβὼν
565 2320 616 2390 ἔφη

293 2414 349 2480 Ἐν
363 2418 520 2496 πλησμονῇ
536 2441 581 2479 τοι
597 2416 717 2496 Κύπρις,
736 2417 769 2478 ἑν
783 2420 922 2478 πεινῶντι
936 2416 963 2478 δ’
979 2416 1025 2479 οὔ.

208 2556 316 2606 πεινῶσι
328 2549 417 2606 schol.
430 2549 520 2624 Soph.
532 2547 631 2624 Antig.
644 2545 712 2619 781.
735 2547 778 2602 Ex
788 2546 930 2602 Athenaeo
942 2543 1112 2603 Eustuthius
1122 2564 1152 2620 p.
1168 2545 1312 2621 1596,45,

208 2647 335 2705 Versum
343 2645 443 2703 laudat
455 2645 595 2702 Libanius
609 2644 731 2702 v01.111.
744 2664 772 2720 p.
788 2643 856 2719 389,
869 2663 883 2701 2
887 2657 914 2718 5.
936 2643 1037 2701 Reisk.
1047 2643 1188 2700 Themist.
1200 2662 1230 2718 p.
1245 2643 1312 2717 164,

208 2746 236 2803 6.
260 2744 326 2802 Huc
337 2744 464 2820 respexit
475 2743 563 2800 etiam
575 2742 757 2818 Antiphanes
768 2760 813 2817 ap.
826 2742 935 2798 Athen.
947 2741 969 2797 1.
985 2760 1013 2817 p.
1028 2740 1064 2798 28
1076 2739 1097 2798 f.
1118 2740 1164 2795 Ἐν
1171 2744 1313 2812 πλησμονῇ

207 2845 258 2917 γὰρ
277 2842 386 2915 Κύπρις,
401 2843 429 2897 ἓν
449 2843 477 2896 δὲ
497 2845 551 2898 τοῖς
570 2847 650 2898 κακῶς
664 2842 838 2914 Πράσσουσιυ
858 2842 904 2894 οὐκ
924 2842 1026 2895 ἔνεστιν
1037 2838 1180 2913 Ἀφροδίτη
1193 2841 1311 2911 βροτοῖς.

208 2939 378 2996 Plutarchus
392 2938 500 2996 Moral.
516 2959 543 3014 p.
559 2938 615 2996 126
625 2958 650 2996 c.
674 2940 776 3011 οὐγὰρ
790 2940 818 2993 ἐν
830 2941 994 3010 πλησμοναῖς
1002 2937 1110 3011 Κύπρις,
1125 2937 1196 2992 ἀλλὰ
1208 2938 1313 3008 μᾶλλον

207 3039 235 3092 ἓν
249 3038 320 3108 εὐδίη
334 3039 430 3109 σαρκὸς
444 3037 485 3091 καὶ
498 3036 609 3108 γαλήνη.

735 3199 791 3262 ¹13

247 3289 403 3359 Athenaeus
422 3304 466 3360 13.
482 3306 510 3362 p.
521 3285 575 3360 561
595 3305 621 3341 a.
653 3285 698 3339 Ἐν
711 3282 749 3341 οἷς
763 3285 830 3340 τινὲς
849 3285 890 3338 καὶ
908 3284 1100 3354 ἐμνημόνευσαν
1120 3285 1168 3336 τοῦ
1188 3285 1312 3351 σκηνικοῦ

206 3390 362 3461 φιλοσόφου
376 3387 517 3458 Εὐριπίδου
531 3384 664 3455 ᾀσμάτων,
677 3376 712 3436 οἷν
726 3381 808 3451 ἦνκαὶ
820 3383 881 3436 τάδε

293 3483 449 3559 Παίδευμα
471 3478 494 3542 δ’
506 3477 605 3560 Ἔρως
620 3479 731 3559 σοφίας
746 3479 850 3561 ἀρετῆς

292 3590 439 3648 πλεῖστον
454 3581 591 3665 ὑπάρχει,
609 3580 658 3643 καὶ
671 3584 869 3660 προσομιλεῖν

295 3688 380 3752 οὗτος
396 3688 412 3749 ὁ
428 3687 540 3764 δαίμων

293 3788 412 3853 πάντων
425 3788 545 3866 ἥδιστος
560 3786 618 3867 ἔφυ
634 3788 760 3864 θνητοῖς.

293 3893 341 3955 καὶ
356 3894 414 3973 γὰρ
428 3891 545 3953 ἄλυπον
560 3888 669 3971 τέρψιν
683 3884 737 3949 τιν’
754 3884 834 3967 ἔχων

292 3997 333 4061 είς
349 3991 443 4056 ἐλπίδ’
459 3993 537 4073 ἄγει.

290 4103 351 4162 τοῖς
366 4094 390 4159 δ’
407 4095 579 4161 ἀτελέστοις
593 4098 652 4156 τῶν
665 4096 750 4155 τοῦδε
765 4092 867 4155 πόνων

287 4197 361 4278 μήτε
377 4199 509 4277 συνείην,
526 4198 615 4279 χωρίς
629 4196 654 4258 τ’
669 4197 781 4277 ἀγρίων

289 4312 399 4388 ναίοιμι
413 4310 538 4389 τρόπων.
