2844 4882
193 288 260 354 938
636 289 864 348 ΕΥΡΙΠΙΔΟΥ

193 460 251 514 ἀντὶ
270 463 317 514 τοῦ
335 460 440 532 δράσεις
460 458 588 532 ἐξήνεγκε.
616 455 716 515 Schol.
730 457 818 514 Arist.
839 453 1018 530 Thesmoph.
1034 452 1103 526 870.
1131 451 1244 523 Σῦνγθες
1265 454 1300 506 τὸ

195 558 294 627 σχῆμα.
316 557 463 628 Μένανδρος
477 564 496 588 “
512 550 590 611 Οίσθ
604 554 619 609 δ
633 554 830 625 ποίησον.”-“
847 550 923 610 Οἶσθ
938 550 1011 608 οόνδ
1029 548 1143 626 δρᾶσον”
1157 551 1300 624 Εὐριπίδης

195 650 328 728 Πολυίδφ.

594 891 895 951 ΠΡΟΤΕΣΙΛΑΟΣ.

237 1016 336 1074 Schol.
352 1015 469 1073 Aristid.
484 1016 543 1073 vol.
560 1016 600 1074 11.
614 1036 644 1093 p.
664 1016 729 1074 228.
745 1016 790 1074 ed.
807 1017 889 1075 lebb.
908 1017 939 1072 ‘0
954 1017 1140 1090 Πρωτεσίλαος
1154 1015 1241 1088 δρᾶμα
1252 1012 1301 1085 γε’·

196 1138 309 1191 γραπται
322 1119 359 1191 τῷ
372 1115 506 1187 Εὐριπίδῃ.
527 1117 632 1188 λέγεται
644 1116 673 1170 δέ
687 1115 727 1169 ὅτι
740 1115 860 1187 γαμίγσας
874 1116 915 1169 καὶ
927 1115 988 1186 μίαν
1001 1115 1096 1187 ἡμέραν
1109 1114 1188 1183 μόνον
1200 1132 1301 1182 συγγε-

198 1217 303 1285 νόμενος
317 1217 347 1282 τῇ
360 1213 460 1284 γυναικί
473 1210 620 1284 ἠναγκάσθη
634 1214 698 1281 μετὰ
714 1215 766 1266 τῶν
778 1211 912 1283 Ἐλλίγνων
925 1213 988 1267 κατὰ
1001 1212 1094 1284 Τροίας
1110 1209 1244 1273 ἀπελθεῖν,
1259 1209 1304 1262 καὶ

197 1316 300 1384 πρῶτος
318 1310 409 1374 ἐπιβὰς
426 1311 472 1378 τῆς
489 1309 582 1381 Τροίας
601 1307 765 1378 ἐτελεύτησε.
787 1311 827 1364 καί
849 1311 933 1382 φασὶν
950 1310 991 1364 ὅτι
1008 1311 1069 1365 τοὺς
1088 1309 1156 1362 κιίτυ
1177 1306 1303 1375 δαίμονας

197 1405 313 1476 ᾐτήσατο
324 1409 364 1460 καὶ
374 1407 468 1478 ἀφείθη
478 1407 538 1477 μίαν
548 1406 643 1479 ἡμέραν
653 1408 694 1461 καί
704 1409 857 1481 συνεγένετο
864 1412 896 1476 τῇ
907 1409 999 1462 ἑαυτοῦ
1008 1405 1118 1479 γυναικί.
1140 1400 1185 1460 Cf.
1195 1402 1302 1459 Tzetz.

199 1503 275 1560 Chil.
291 1502 331 1569 11,
344 1504 403 1577 760
417 1522 480 1579 sqq,

740 1635 752 1678 l

241 1701 340 1759 Schol.
357 1700 448 1777 Soph.
466 1701 534 1758 OEd.
550 1703 584 1759 C.
605 1720 650 1759 ιο.
680 1705 793 1772 Βέβγλοι
807 1705 888 1758 τόπος
901 1703 974 1759 ἐστὶν
988 1703 1155 1774 ὁάκόθορτοε
1165 1703 1208 1755 καὶ
1219 1701 1305 1767 βοτὸς

199 1802 276 1856 πᾶσι.
295 1802 336 1854 καί
348 1801 463 1867 βέβηλος
476 1799 548 1871 ἀνὴρ,
563 1801 689 1872 ὁμιαρός.
715 1802 853 1873 Εὐριπίδης
867 1802 1046 1875 Πρωτεσιλάῳ

287 1894 333 1958 Οίι
348 1897 406 1976 γὰρ
422 1891 504 1972 θέμις
516 1891 655 1972 βέβηλον
668 1892 816 1958 ἅπτεσθαι
831 1896 938 1974 δόμων.

201 1998 280 2056 Hinc
295 1997 400 2056 Suidas
413 2017 442 2054 v.
456 1999 581 2065 βέβηλος.

241 2197 413 2255 Plutarchus
428 2196 534 2252 Moral.
549 2215 578 2272 p.
595 2213 629 2250 10
644 2214 670 2253 a.
693 2127 827 2253 Βῑολαιις
838 2213 865 2272 5.
881 2217 910 2273 p.
923 2197 971 2273 63.
992 2217 1036 2273 ¹9·
1051 2218 1081 2275 p.
1098 2197 1164 2256 168.

288 2295 383 2353 Δυοῖν
397 2290 565 2369 λεγόντοιν,
583 2287 707 2370 θατέρου
722 2289 914 2370 θυμουμένου,

287 2393 304 2454 ὁ
319 2390 359 2470 μὴ
372 2388 535 2454 ’ντιτείνων
549 2395 611 2457 τοῖς
625 2392 728 2472 λόγοις
742 2394 925 2474 σοφώτερος.

244 2615 377 2672 Stobaeus
391 2613 441 2688 67.
457 2633 486 2689 p.
501 2633 537 2685 42
543 2633 569 2687 3.
740 2547 758 2610 3

284 2707 392 2774 Ὅστις
406 2711 438 2771 δὲ
453 2708 551 2774 πάσας
566 2709 713 2774 συντιθεὶς
726 2707 818 2790 ψέγει
832 2713 915 2796 λόγῳ

290 2816 430 2892 γυναῖκας
445 2813 519 2889 ἑξῆς,
537 2808 639 2877 σκαιός
654 2812 719 2873 ἐστι
734 2811 785 2874 κού
801 2811 906 2894 σοφός.

291 2919 414 2976 πολλῶν
429 2916 486 2995 γὰρ
501 2914 600 2976 οὐσῶν
615 2913 669 2991 τὴν
683 2914 738 2992 μὲν
755 2914 887 2995 εὑρήσεις
904 2916 1002 2994 κακὴν,

289 3016 343 3095 τὴν
359 3014 393 3088 δ’,
411 3016 512 3095 ὥσπερ
528 3017 609 3094 αὕτη,
626 3013 693 3094 λῆμ’
711 3015 842 3098 ἔχουσαν
859 3017 987 3100 εὐγενές.

246 3221 379 3278 Stobaeus
394 3221 443 3296 96.
456 3240 485 3296 p.
503 3239 571 3297 532.
742 3155 764 3214 4

292 3316 338 3378 Οὐ
352 3314 436 3395 θαῦμ’
453 3316 566 3394 ἔλεξας,
583 3315 691 3394 θνητὸν
705 3318 778 3380 ὄντα
793 3323 960 3402 δυστυχεῖν.

744 3465 764 3528 5

248 3528 383 3586 Stobaeus
404 3546 467 3602 ¹²3·
483 3549 513 3604 p.
528 3529 598 3604 615.

294 3621 464 3695 Πέπονθεν,
481 3623 529 3686 οἶα
545 3623 592 3685 καὶ
606 3625 644 3684 σὲ
660 3625 707 3687 καὶ
721 3623 834 3692 πόντος
847 3628 940 3707 μένει.

249 3850 384 3908 Stobaeus
403 3866 467 3905 110.
484 3869 512 3925 p.
527 3851 598 3924 581.
746 3764 766 3825 6

295 3945 396 4008 Πόλλ’
412 3945 529 4011 ἐλπίδες
543 3946 690 4027 ψεύδουσι
706 3947 753 4009 καὶ
767 3949 855 4028 λόγοι
865 3951 1001 4029 βροτούς.

251 4177 307 4232 Dio
322 4176 424 4250 Chry&
436 4176 486 4231 Or.
503 4194 550 4251 37.
565 4198 595 4253 p.
607 4179 666 4253 467
683 4179 711 4236 b.
733 4093 802 4252 ’ἐγὼ
816 4183 844 4235 δὲ
857 4183 903 4251 τὴν
917 4184 1057 4256 Εὐριπίδου
1072 4185 1230 4251 ιλαοδιίμειαν

238 4347 254 4352 β
297 4272 348 4334 οὐκ
363 4269 400 4332 ἂν
414 4273 554 4349 προδοίην
571 4274 673 4353 καίπερ
689 4275 811 4356 ἄψυχον
827 4278 929 4355 φίλον.
