2850 4898
511 290 855 352 ΑΠΟΣΠΑΣΜΑΤΙΑ.
1170 288 1235 354 949

134 459 227 521 βλέπω
243 464 360 527 βλεπτθς
373 464 414 518 καὶ
426 462 548 520 Ἀττικῶς
560 465 670 530 βλέπος,
685 464 726 518 καλ
739 462 773 520 ὥς
786 462 837 518 άπὸ
852 464 898 517 τοῦ
912 460 962 533 ῥέα
979 460 1048 533 ῥέος.
1071 464 1129 517 έστι
1143 462 1171 516 δέ
1185 462 1235 517 Εὖ·

134 555 237 623 ριπίλου
251 558 279 613 έκ
292 561 414 631 Τηλέφου
428 558 444 628 ἦ
457 560 628 629 Τληπολέμου
642 560 673 614 τὸ

220 648 386 717 Ἀπέπτυσ’
402 654 512 736 έχθροΰ
525 653 624 735 φατὸς
638 652 780 736 ἔχθιστον
796 651 890 718 τέκος.

179 881 300 941 Aristot.
316 884 436 943 Rhetor.
451 884 507 950 ΙΙΙ,
526 902 551 953 2,
572 903 616 942 10.
644 813 743 950 Τλοαὲ,
764 886 798 941 ὡς
819 887 834 938 ό
854 883 975 957 τήλεφοι
995 885 1135 957 Εὐριπίδου
1156 888 1235 958 φησι,

136 985 222 1039 κώπας
234 983 360 1037 ἀνάσσειν
373 984 414 1038 καὶ
427 983 529 1048 άποβὰς
542 983 579 1039 είς
593 983 707 1047 Μυσίαν,
719 982 842 1055 άπρεπές,
857 981 898 1038 ὅτι
916 986 1003 1054 μεῖζον
1019 985 1051 1037 τὸ
1071 983 1205 1049 άνάσσειν,
1221 983 1236 1053 ἢ

136 1080 190 1134 κατ’
205 1081 287 1151 άξίαν.
310 1078 435 1155 Reliqua
449 1079 565 1154 supplet
576 1078 732 1136 scholiasta

223 1175 330 1254 Κάνης
343 1174 472 1238 ἀνάσσει
488 1176 622 1253 κᾶποβᾶς
638 1177 679 1241 εἰς
694 1176 817 1239 Μυσίαν

224 1279 438 1358 έτραυματίσθη
453 1278 586 1362 πολεμίῳ
600 1279 752 1360 βραχίονι.

177 1503 324 1580 Aristoph.
340 1504 415 1580 Equ.
437 1521 520 1580 ¹237·
665 1436 703 1482 Ἠ

217 1596 264 1662 Ὢ
278 1598 368 1679 Φοῖβ’
380 1598 539 1665 Ἀπολλον
554 1601 654 1674 Λύκιε,
670 1602 701 1665 τί
712 1601 787 1667 ποτέ
799 1602 828 1684 μ’
846 1604 988 1687 έργάσει;

139 1704 236 1762 Schol.
251 1709 267 1760 ὁ
281 1709 374 1778 στίχος
387 1708 414 1762 εἰι
427 1710 549 1780 Τηλέφου
563 1708 715 1780 Εὐριπίδου.

177 1920 276 1979 Schol.
286 1921 434 1999 Aristoph.
449 1922 528 1979 Nub.
546 1921 614 1980 888.
631 1853 755 1981 Ἰθ28σοι
768 1926 887 2000 χρῄζειςι
915 1932 993 1984 τοῦτο
1007 1931 1034 1985 ε’κ
1047 1931 1170 2001 Τηλέφου
1185 1931 1234 1984 Εὖ·

135 2021 240 2091 ριπίδου

219 2111 274 2175 Ἰθ
291 2114 360 2177 θποι
374 2111 499 2196 χρῄζεις·
522 2115 574 2179 οὐκ
588 2117 755 2195 ἀπολοῦμαι

223 2219 273 2295 τῆς
288 2218 342 2294 σῆς
354 2213 481 2296 Ἑλένης
495 2219 611 2282 οὕνεκα.

668 2357 706 2421 ²3

179 2422 313 2482 Stobaeus
328 2442 376 2499 37.
390 2445 421 2502 p.
439 2423 507 2483 226.

225 2519 364 2601 Σπάρτην
378 2520 495 2604 ἔλαχες·
519 2522 618 2600 κείνην
634 2522 747 2601 κόσμει,

225 2624 276 2688 τὰς
290 2623 323 2685 δὲ
338 2621 480 2702 Μυκήνας
493 2623 576 2703 ἡμεῖς
591 2625 658 2708 ἰδίη.

139 2725 265 2783 Priorem
293 2745 410 2784 versum
439 2728 502 2784 sine
529 2728 649 2784 nomine
678 2728 804 2786 auctoris
832 2728 903 2785 citat
931 2729 1102 2789 Plutarchus
1129 2732 1236 2793 Moral.

138 2842 166 2898 p.
178 2824 237 2881 602
253 2824 282 2882 b.
304 2823 354 2899 qui
365 2824 465 2882 scribit
479 2827 607 2899 Σπάρταν,
620 2837 650 2882 et
663 2824 758 2896 ταύτην
768 2829 869 2897 κόσμει,
881 2826 1081 2904 Diogenianus
1092 2828 1178 2896 VIII,
1193 2831 1237 2889 18.

138 2924 257 2995 Σπάρταν
270 2933 301 2979 et
314 2922 407 2988 κείναν,
422 2920 494 2981 ibid.
510 2920 557 2995 46.
571 2922 601 2993 ἣν
613 2924 708 2994 ἔλαχες
721 2925 840 2993 Σπάρταν
853 2925 954 2992 κόσμει.

179 3146 312 3203 Stobaeus
328 3163 374 3204 20.
389 3166 418 3223 p.
438 3162 502 3223 173.
670 3075 712 3136 24

218 3238 303 3323 Ὥρα
318 3267 355 3306 σε
370 3246 463 3321 θυμοῦ
477 3243 639 3323 κρείσσονα
653 3242 773 3322 γνάμην
788 3241 879 3323 ἔχειν,

620 3386 625 3393 .
670 3379 686 3423 2
688 3380 708 3444 5

179 3450 313 3508 Stobaeus
330 3466 376 3506 ιο.
389 3469 418 3526 p.
433 3449 499 3524 189.

224 3548 267 3611 Σὺ
282 3544 305 3611 δ’
322 3542 375 3610 εἶκ’
391 3543 514 3626 ἀνάγκη,
533 3544 580 3608 καὶ
595 3547 692 3607 θεοῖσι
705 3542 745 3622 μὴ
759 3541 867 3627 μάχου.

223 3651 320 3729 τόλμα
334 3650 367 3714 δέ
381 3647 590 3730 προσβλέπειν
603 3672 651 3726 με,
669 3647 716 3710 καὶ
730 3645 918 3728 φρονήματος

223 3751 316 3835 χάλα.
340 3750 377 3814 τά
392 3776 437 3814 τοι
450 3749 579 3831 μέγιστα
592 3748 738 3816 πολλάκις
751 3749 818 3816 θεὸς

222 3851 335 3918 ταπείν’
352 3852 438 3932 έθηκε
454 3852 501 3915 καὶ
516 3851 710 3916 συνέστειλεν
724 3849 827 3914 πάλιν.

177 4087 350 4145 Plutarchus
364 4085 469 4143 Moral.
483 4104 512 4160 p.
527 4084 567 4155 46
582 4083 601 4139 f.
624 3996 725 4157 ⁰¹³2ss
739 4087 826 4154 μόνον,
842 4085 876 4142 ὣς
889 4086 1029 4157 Εὐριπίδης
1045 4088 1124 4158 φησὶ,
1139 4091 1170 4142 τὸ
1186 4098 1236 4159 Τη,

136 4187 224 4259 λέφου
236 4188 337 4258 τραῦμα

224 4284 384 4361 Πριστοῖσι
399 4279 513 4360 λόγχης
525 4274 665 4357 θέλγεται
680 4275 849 4358 ῥινήμασιν.

632 4402 642 4438 ι
657 4402 668 4438 ι
684 4400 700 4438 ο
