2850 4898
513 290 860 352 ΑΠΟΣΠΑΣΜΑΤΙΑ.
1162 293 1226 361 923

168 544 300 602 Stobaeus
315 545 364 619 67.
379 565 410 621 p.
425 562 495 617 4²4·
664 478 687 537 4

213 642 306 701 Πᾶσα
319 641 377 720 γὰρ
392 640 482 717 δούλη
497 637 631 720 πέφυκεν
644 638 751 719 δνδρδς
765 639 784 719 ἡ
799 640 929 721 σῶφρων
943 639 1030 722 γονὴ,

213 740 231 819 ἡ
246 743 277 803 δὲ
291 740 331 820 μὴ
346 742 475 822 σώφρων
490 741 576 825 ἀνοία
590 739 643 804 τὸν
658 739 773 818 ξυνόνθ’
788 743 981 823 ὑπερφρονεῖ.

128 843 311 901 Sententiam
332 845 436 902 horum
460 862 598 901 versuum
621 843 712 901 habet
736 845 874 902 Clemens
898 845 982 904 Alex.
1004 847 1112 904 Strom.
1128 847 1180 904 IV.
1195 867 1223 924 p.

127 958 196 1016 499.
212 940 257 998 ed.
272 942 352 1018 Sylb.
373 941 410 997 V.
431 960 454 998 ι.
467 952 511 998 est
525 940 601 1016 apud
616 939 765 999 Stobaeum
780 941 829 1017 65.
848 961 876 1020 p.
891 960 961 1015 411.

167 1189 304 1248 Clemens
317 1191 401 1248 Alex.
417 1188 525 1247 Strom.
542 1189 594 1248 lV.
610 1209 640 1265 p.
652 1095 720 1265 4599.
743 1189 877 1249 Stobaeus
893 1207 940 1265 71.
953 1211 981 1267 p.
996 1210 1067 1266 432.

213 1290 306 1349 Πᾶσα
321 1289 378 1367 γὰρ
393 1285 499 1365 ἀνδρὸς
515 1286 622 1348 κακίων
637 1286 758 1369 δλοχος,

214 1387 299 1451 κδνὸ
319 1387 455 1454 κάκιστος

212 1488 290 1570 γήμῃ
303 1488 357 1567 τὴν
373 1490 593 1568 εὐδοκιμοῦσαν.

664 1631 684 1692 6

168 1718 299 1776 Stobaeus
312 1719 361 1790 64.
375 1738 405 1794 p.
420 1734 489 1793 409.

212 1817 296 1877 Νοῦν
308 1813 367 1896 χρὴ
382 1811 558 1876 θεάσασθαι·
583 1814 676 1892 tle-1⁶15
691 1813 852 1894 εὐμορφίας

211 1918 333 1998 ὄφελος,
348 1917 421 1979 ὅταν
436 1940 478 1981 τις
490 1915 530 1993 μὴ
545 1914 658 1996 φρένας
672 1918 765 1981 καλὰς
780 1915 846 1997 ἔχῃ.

665 2077 682 2141 7

167 2149 300 2209 Stobaeus
314 2147 364 2223 65.
379 2168 407 2224 p.
421 2165 489 2221 411.

213 2242 342 2324 Μεγάλη
357 2242 492 2323 τυραννὶς
507 2241 590 2322 ἀνδρὶ
605 2240 695 2303 τέκνα
710 2242 758 2304 καὶ
773 2240 856 2322 γυνή·

211 2349 281 2424 ἴσην
295 2346 353 2425 γὰρ
369 2343 452 2424 ἀνδρὶ
468 2345 626 2423 σνμφορδν
641 2341 717 2405 εἶναι
731 2341 812 2424 λέγω

212 2446 323 2510 τέκνων
338 2443 363 2508 ὅ
379 2448 520 2525 ὁμαρτεῖν
535 2444 583 2507 καὶ
598 2442 709 2525 πάτρας
721 2445 769 2508 καὶ
782 2444 940 2527 χρημάτων

212 2549 326 2630 δλόχου
341 2572 373 2609 τε
390 2551 500 2625 κεδνῆς·
524 2547 563 2613 ὡς
575 2548 675 2625 μόνων
690 2551 748 2610 τῶν
762 2546 920 2630 χρημάτων

211 2651 230 2728 ἦ
246 2651 386 2731 κρεῖσσόν
402 2652 466 2713 ἔστι
480 2650 591 2730 τάνδρὶ,
608 2648 739 2730 σώφρον’
756 2649 794 2713 ἂν
806 2648 898 2729 λάβῃ.

167 2871 301 2930 Stobaeus
320 2887 366 2945 71.
380 2890 408 2946 p.
424 2887 493 2943 431.
665 2782 684 2844 8

207 2964 329 3033 Ἀλλως
344 2968 376 3029 δὲ
390 2965 510 3029 πάππων
525 2965 757 3046 δυσμαχώτατον
773 2962 856 3044 γυνή.

168 3189 301 3248 Stobaeun
312 3190 357 3247 tit.
376 3208 401 3246 1.
664 3120 684 3183 9

213 3285 305 3348 Οὔτοι
320 3285 451 3364 νόμισμα
464 3281 570 3348 λευκὸς
584 3282 710 3361 ἄργυρος
723 3281 817 3358 μόνον

212 3386 261 3450 καὶ
275 3388 386 3469 χρνσός
402 3387 494 3455 ἐστιν,
513 3385 594 3447 ἀλλὰ
609 3382 715 3463 κδρετὴ
729 3386 850 3462 βροτοῖς

213 3489 343 3567 νόμισμα
358 3493 451 3549 κεῖται
464 3490 566 3557 πᾶσιν,
582 3481 601 3564 ᾖ
616 3488 745 3566 χρῆσθαι
759 3485 867 3566 χρεών.

125 3607 164 3663 V.
180 3624 208 3680 3.
224 3608 333 3670 Henth.
347 3606 454 3679 χῆραι),
473 3606 551 3680 quod
569 3605 681 3680 recepit
699 3603 844 3662 Gnisford.
866 3603 1003 3661 Clemens
1017 3605 1099 3663 Alex.
1116 3606 1223 3665 Strom.

127 3704 178 3761 IV.
189 3723 218 3778 p.
229 3702 291 3776 484
300 3722 327 3760 a.
340 3701 385 3759 ed.
395 3701 476 3778 Sylb.
498 3706 597 3757 Οὔκουν
607 3707 686 3771 μόνον
696 3707 775 3758 τοῦτο
786 3706 900 3774 νόμισμα
906 3704 999 3759 λευκὸς
1007 3704 1119 3777 ἄργυρος
1132 3704 1147 3773 ἢ
1161 3728 1225 3778 χρυ·

126 3807 174 3860 σός
188 3802 270 3867 ἐστιν,
285 3801 354 3856 ὄλλδ
368 3802 408 3854 καὶ
422 3800 525 3872 ἡάρετὴ
538 3803 653 3872 βροτοῖς,
665 3798 699 3855 ὥς
713 3803 797 3871 φησιν
809 3802 825 3853 ὁ
838 3801 982 3870 Σοφοκλῆς.

166 4023 303 4082 Stobaeus
318 4025 367 4099 38.
380 4044 409 4100 p.
428 4041 495 4081 222.
661 3955 700 3998 ¹0

186 4178 190 4187 ·
212 4139 328 4203 Φθόνος
340 4135 364 4200 δ’
381 4139 397 4199 δ
413 4140 535 4200 πολλῶν
549 4133 648 4216 φρένα
662 4134 841 4214 διαφθείρων
855 4137 972 4212 βροτῶν

213 4239 346 4302 ἆπῶλεσ’
363 4237 453 4302 αὐτὸν
469 4238 542 4316 κάμὲ
558 4237 769 4300 σννδιώλεσεν.
