2844 4882
148 258 213 321 884
593 257 822 319 ΕΥΡΙΠΙΔΟΥ

189 515 366 592 Hesychius,
380 515 520 588 Ἀγνίσαιι
550 444 858 587 άπαθῦσαι,23ουσίριδι.
878 511 930 571 ubi
952 514 1092 589 Εὐριπίδης
1107 514 1259 575 excidisse

149 624 281 674 censent.

190 828 364 906 Hesychius,
378 827 576 902 Ἀτρικήοοσαι
598 759 805 903 άκριβωὸσομίνη.
827 830 967 906 Εὗριπίδης
979 830 1122 904 Βουσίριδι.

620 1147 780 1206 ΔΑΝΑΗ.

190 1261 292 1320 Pollux
307 1260 360 1330 IV,
374 1278 440 1319 111.
471 1265 528 1317 Τῶν
541 1262 570 1317 δι’
583 1267 694 1335 χορικῶν
707 1260 830 1334 ᾀσμάτων
842 1265 895 1315 τῶν
907 1263 1023 1330 κωμικῶν
1035 1257 1063 1315 ἓν
1075 1280 1101 1313 τι
1115 1260 1158 1313 καί
1171 1259 1189 1328 ἦ
1202 1281 1256 1314 πο-

148 1363 271 1434 ράβοσις,
286 1359 348 1416 ὅταν
360 1357 377 1414 δ
391 1362 405 1414 ά
418 1361 527 1430 ποιητὴς
539 1362 605 1432 πρὸς
614 1363 645 1415 τὸ
659 1361 767 1434 θέατρον
779 1358 906 1426 βούλεται
918 1360 1015 1431 λέγειν,
1030 1360 1044 1412 ά
1058 1358 1139 1431 χορδς
1151 1362 1255 1431 παρελ-

148 1461 201 1516 osv
220 1461 286 1532 λέγῃ
306 1461 395 1514 ταῦτα.
417 1458 532 1514 ε’πιεικῶς
548 1459 578 1514 δὲ
598 1459 661 1513 αύτδ
674 1462 796 1513 ποιοῦσιν
809 1459 834 1511 οί
847 1456 1065 1532 κωμωδοποιιγταί.
1085 1457 1212 1528 τραγικὸν
1226 1457 1256 1512 δὲ

149 1559 197 1612 οὒκ
209 1559 291 1622 ἔστιν,
307 1554 366 1611 ἀλλ’
381 1555 521 1627 Εὐριπίδης
534 1556 597 1611 abrs
610 1555 748 1626 πεποίηκεν
768 1556 796 1610 ἐν
814 1559 925 1612 πολλοῖς
944 1556 1081 1628 δράμασιν.
1110 1555 1140 1608 ἐν
1159 1556 1210 1624 μέν
1223 1579 1256 1629 γε

147 1655 234 1723 Δανάῃ
246 1651 377 1726 (codices
389 1649 509 1724 Δαναΐδι)
521 1655 569 1709 τδν
580 1655 661 1727 χορδν
670 1654 718 1710 τὰς
729 1656 849 1727 γυναῖκας
859 1654 924 1725 ὑπὲρ
934 1654 1014 1708 αὐτοῦ
1023 1674 1049 1706 τι
1061 1652 1175 1722 ποιήσας
1184 1675 1254 1726 παρ·

147 1753 236 1818 ιιπιῖν,
261 1751 431 1821 ἐκλαθόμενος
449 1751 484 1807 ῶς
503 1750 597 1823 ἄνδρας
613 1752 700 1824 λέγειν
718 1751 824 1820 ἐποίησε
844 1755 881 1826 τῷ
901 1750 1016 1822 σχήματι
1035 1753 1082 1820 τῆς
1094 1753 1194 1823 λέξεως
1207 1754 1256 1809 τὰς

145 1870 275 1922 γυναικιις.

189 2061 322 2121 Stobaeus
338 2062 386 2137 76.
399 2081 426 2138 p.
439 2076 508 2138 453.
693 1995 705 2037 1

233 2155 312 2240 Τάχ’
327 2153 365 2220 δν
380 2154 453 2238 πρὸς
467 2154 629 2238 ἀγκάλαισι
645 2157 693 2221 καί
708 2156 842 2239 στέρνοις
857 2159 937 2236 ἐμοῖς

235 2263 334 2337 πηδῶν
349 2260 452 2340 άθύροι
468 2259 515 2322 κοί
530 2258 705 2341 φιλημάτων
720 2262 803 2346 ὄχλιρ

232 2361 337 2444 ψυχὴν
353 2361 426 2440 ἐμὴν
442 2360 591 2441 κτήσαιτο·
621 2367 714 2427 ταῦτα
727 2366 785 2445 γὰρ
799 2367 920 2444 βροτοῖς

234 2468 362 2547 φίλτρον
372 2463 527 2547 μέγιστον,
544 2467 574 2528 al
589 2467 751 2544 ξυνουσίαι,
768 2464 871 2545 πάτερ.

690 2619 708 2662 2

187 2686 321 2746 Stobaeus
332 2688 383 2763 69.
399 2708 428 2765 p.
437 2706 505 2763 429.

234 2786 292 2848 Καὶ
308 2789 361 2849 νῦν
375 2789 508 2865 παραινῶ
523 2788 598 2848 πᾶσι
612 2789 673 2851 τοῖς
685 2785 839 2867 νεωτέροις

230 2889 270 2968 μὴ
285 2889 359 2970 πρὸς
372 2888 406 2951 τδ
421 2891 513 2969 γῆρας
527 2888 594 2954 τοὺς
608 2887 720 2970 γάμους
734 2890 929 2970 ποιουμένους

232 2995 332 3076 σχολῇ
348 2996 524 3055 τεκνοῦσθαι
538 2991 734 3058 παῖδος-οὗ
749 2995 807 3073 γὰρ
820 2994 921 3072 ἡδονὴ,

231 3096 351 3178 γυναικί
363 3095 389 3157 τ’
405 3092 514 3176 ἐχθρὸν
528 3096 627 3176 χρῆμα
642 3094 811 3173 πρεσβύτης
823 3095 941 3176 ἁνὴρ-

232 3191 301 3256 άλλ’
318 3193 356 3259 ῶς
370 3191 508 3275 τάχιστα·
534 3193 580 3255 καί
596 3194 653 3274 γὰρ
668 3194 810 3275 ἔκτροφαὶ
826 3197 914 3259 καλαὶ

234 3296 281 3358 καὶ
297 3294 465 3368 συννεάζων
480 3295 534 3373 ἡδὺ
548 3300 616 3362 παῖς
631 3294 688 3381 νέῳ
703 3299 802 3377 πατρί.

187 3516 322 3576 Stobaeus
339 3534 387 3596 73.
403 3539 432 3594 p.
445 3518 514 3592 448.

231 3615 331 3687 Γύναι,
348 3615 443 3695 φίλου
456 3617 513 3694 μὲν
528 3614 643 3696 φέγγος
656 3615 743 3694 ἡλίου
757 3616 834 3689 τάδε,

232 3716 327 3780 καλὸν
342 3719 374 3780 δὲ
389 3718 500 3781 πόντου
514 3715 599 3800 χεῦμ’
616 3719 689 3780 ἰδεῖν
705 3716 859 3796 εύήυεμον,

230 3822 269 3901 γῆ
283 3816 308 3882 τ’
324 3818 429 3900 ἠριυδν
444 3818 602 3883 θάλλουσα
616 3817 765 3883 πλούσιόν
780 3818 805 3883 θ’
821 3822 907 3900 ὕδωρ,

230 3927 355 3985 πολλῶν
370 3922 394 3984 τ’
412 3922 536 3985 ἔπαινον
551 3922 620 3986 ε’στί
632 3948 681 4002 μοι
696 3921 781 4000 λέξαι
798 3927 906 3985 καλῶν·

231 4023 298 4089 ἁλλ’
316 4025 404 4088 οὐδὲν
419 4027 493 4088 οὕτω
508 4024 646 4106 λαμπρὸν
662 4023 720 4088 οὐδ’
738 4027 811 4088 ἰδεῖν
827 4023 929 4096 καλὸν,

231 4126 268 4191 ὡς
283 4131 344 4191 τοῖς
359 4122 465 4188 άπαισι
481 4127 529 4188 καὶ
543 4127 625 4209 πόθῳ
641 4124 830 4206 δεδηγμένοις

230 4230 343 4292 παίδων
360 4235 493 4309 νεογνῶν
509 4231 543 4293 ἐν
558 4231 657 4308 δόμοις
672 4230 745 4292 ἰδεῖν
761 4226 847 4308 φάος.
