2850 4898
605 300 832 362 ΕΥΡΙΠΙΔΟΥ

238 469 394 548 προγόνων
408 470 523 531 παλαιὰ
538 466 634 547 θέσμι’
651 470 733 534 ὅστις
749 471 882 548 ἐκβαλεῖ.

239 566 298 632 οὐδ’
315 568 377 632 ἄντ’
395 569 486 636 ἐλάας
498 569 630 652 χρυσέας
644 596 677 633 τε
693 573 841 652 Γοργόνος

237 676 371 757 τρίαιναν
386 675 476 755 ὀρθὴν
491 679 609 738 στᾶσαν
625 676 659 738 έν
673 673 790 741 πόλεως
803 675 928 759 βάθροις

240 778 398 855 Εὔμολπος
412 778 480 840 οὐδὲ
496 775 582 860 Θρᾲξ
597 777 765 858 ἆναστέφει
779 779 855 845 λεὼς

237 878 426 960 στεφάνοισι,
444 882 573 946 Παλλὰς
585 878 608 942 δ’
625 879 754 958 οὐδαμοῦ
768 879 930 959 τιμήσεται.

240 979 357 1062 χρῆσθ’,
374 978 397 1042 ὦ
411 987 541 1054 πολῖται,
558 987 618 1048 τοῖς
635 986 714 1060 ἐμοῖς
728 985 923 1064 λοχεύμασιν,

237 1084 380 1157 σώζεσθε,
397 1080 501 1145 νικᾶτ’·
525 1082 591 1145 ἀντὶ
606 1085 664 1164 γὰρ
679 1087 780 1165 ψυχῆς
793 1088 861 1163 μιιῖς

235 1184 289 1247 οὐκ
304 1181 367 1246 ἔσθ’
384 1185 462 1250 ὅπως
472 1184 507 1246 οὐ
521 1183 600 1262 τήνδ’
617 1184 676 1264 ἐγὼ
692 1186 781 1247 σώσω
795 1183 897 1249 πάλιν.

235 1283 259 1348 ιδ
273 1287 386 1367 πατρὶς,
404 1289 464 1349 εἴθε
480 1285 588 1353 πάντες
602 1286 632 1349 οἳ
646 1287 766 1350 ναίουσί
779 1312 816 1351 σε

236 1391 312 1451 οὕτω
329 1394 450 1470 φιλοῖεν
465 1388 503 1454 ὧς
518 1389 587 1469 ἐγώ·
613 1387 660 1451 καὶ
673 1389 778 1472 ῥᾳδίως

241 1493 372 1569 οἰκοῖμεν
386 1491 424 1553 ἄν
448 1515 494 1563 σε,
512 1490 616 1553 κούδὲν
631 1488 668 1553 ἂν
682 1488 811 1574 πάσχοις
827 1490 927 1557 κακόν.
1208 1515 1254 1584 55

191 1612 360 1668 Plutarchus
376 1611 481 1668 Moral.
497 1630 526 1686 p.
537 1611 597 1683 604
612 1612 639 1670 d.
661 1613 705 1670 Τίς
717 1616 768 1686 γάρ
782 1612 865 1687 εἴρηκε
878 1618 1023 1686 τῆςέαντοῦ
1034 1621 1159 1692 πατρίδος
1168 1621 1251 1693 ἐγκώ-

151 1732 212 1779 μιον
224 1712 342 1763 τοιοῦτον
356 1705 411 1763 οῖον
421 1711 561 1781 Εὐριπίδης
574 1731 580 1774 ;

229 1801 288 1866 Ἧι
301 1809 402 1884 πρῶτα
416 1806 472 1883 μὲν
486 1805 562 1870 λεῖος
575 1803 628 1866 οὐκ
643 1804 768 1871 ἐπακτὸς
782 1806 923 1880 άλλοθεν,

234 1905 413 1989 αὐτόχθονες
428 1905 452 1970 δ’
469 1907 592 1989 ἔφυμεν·
617 1909 648 1970 αῖ
662 1904 686 1969 δ’
702 1908 795 1971 άλλαι
809 1906 912 1975 πόλεις

233 2015 357 2073 πεσσῶν
372 2012 478 2089 ὁμοίως
491 2015 716 2091 διαφορηθεῖσαι
730 2016 840 2088 βολαῖς

234 2113 325 2176 ἄλλαι
339 2111 407 2193 παρ’
425 2114 528 2176 ἄλλων
543 2113 621 2176 εἰσὶν
636 2114 824 2194 έξαγῶγιμοι.

235 2220 273 2281 ΕΖ
287 2220 318 2280 δὲ
334 2216 484 2299 πάρεργον
498 2218 556 2300 χρή
572 2243 599 2279 τι
615 2216 775 2296 κομπάσαι,
790 2220 888 2298 γύναι,

233 2319 361 2402 οὐρανὸν
374 2321 448 2399 ὑπὲρ
463 2323 517 2400 γῆς
531 2318 642 2400 έχομεν
657 2319 689 2380 εὖ
705 2317 894 2398 κεκραμένον,

235 2418 272 2484 ἵν’
289 2418 348 2483 οὔτ’
364 2420 443 2500 ἄγαν
453 2424 510 2500 πῦρ
525 2421 592 2484 οὔτε
607 2424 698 2501 χεῖμα
713 2420 879 2498 συμπίτνει.

235 2522 255 2586 δ
272 2521 297 2585 δ’
312 2520 426 2590 Ἑλλὰς
439 2521 530 2586 Ἀσία
545 2548 578 2586 τε
592 2522 696 2603 τρέφει
711 2521 859 2586 κάλλιστα

233 2629 284 2703 τῆς
298 2650 334 2706 γε
349 2624 456 2707 δέλεαρ
472 2626 594 2708 ἔχοντες
608 2626 836 2705 συνθηρεύομεν.

187 2846 321 2906 Stobaeus
336 2863 383 2923 74.
400 2869 427 2925 p.
439 2863 508 2923 451.
680 2759 718 2822 18

235 2949 342 3008 Θετῶν
357 2946 389 3007 δέ
404 2945 517 3007 παίδων
530 2947 588 3007 ποῦ
603 2943 725 3024 κράτος;
748 2947 786 3007 τὰ
800 2946 898 3026 φύντα
912 2948 969 3026 γὰρ

234 3049 362 3127 κρείσσω
378 3048 506 3126 νομίζειν
519 3050 579 3109 τῶν
594 3045 764 3126 δοκημάτων
778 3049 886 3130 χρεών.

187 3236 320 3293 Stobaeus
337 3250 384 3309 77.
399 3255 429 3311 p.
443 3253 510 3310 454.
677 3168 714 3232 ¹9

232 3330 295 3394 Οὐκ
311 3332 395 3395 ἔστιν
410 3331 496 3396 οὐδέν
510 3332 618 3414 μητρὸς
630 3334 713 3412 ἥδιον
727 3332 850 3401 τέκνοις.

232 3437 319 3515 ε’ρᾶτε
332 3434 440 3516 μητρὸς
454 3441 564 3503 παῖδες·
590 3437 627 3502 ὡς
642 3437 694 3499 οὐκ
709 3435 769 3499 ἔστ’
787 3437 858 3518 ἔρως

230 3541 361 3603 τοιοῦτος
375 3539 478 3610 ἄλλος,
495 3539 556 3605 οῖος
570 3540 659 3618 ἡδίων
675 3541 757 3620 έριῖν.

187 3750 320 3808 Stobaeus
335 3769 363 3824 3.
380 3770 408 3826 p.
424 3751 474 3824 36.
677 3681 716 3725 20

228 3853 342 3936 Ὀρθῶς
355 3853 384 3934 μ’
401 3855 519 3936 ἐπήρου,
536 3858 686 3936 βούλομαι
701 3854 735 3919 δέ
749 3881 808 3927 σοι,
824 3855 984 3929 τέκνον,-

229 3963 349 4038 φρονεῖς
364 3961 422 4039 γὰρ
436 3959 490 4037 ἤδη
507 3957 686 4022 κὰποσιίισαί
702 3957 740 4021 δν
755 3958 865 4039 πατρὸς

229 4062 347 4141 γνώμας
362 4059 545 4141 φράσαντος,
559 4057 596 4138 ἢν
608 4059 921 4142 θάνω-παραινέσαι

230 4161 353 4242 κειμήλι’
371 4166 467 4227 ἐσθλὰ
481 4164 527 4227 καῖ
544 4163 639 4226 νέοισι
653 4162 795 4245 χρήσιμα,

228 4270 341 4347 βραχεῖ
353 4267 385 4327 δὲ
399 4269 480 4348 μύθιρ
495 4268 597 4328 πολλὰ
612 4265 777 4343 συλλαβὼν
794 4267 859 4346 έρῶ.
