2850 4898
211 305 277 376 966
659 309 887 370 ΕΥΡΙΠΙΔΟΥ

254 583 389 641 Stobaeus
403 581 528 659 append.
544 582 621 639 Flor.
637 601 664 658 p.
679 600 724 639 11.
756 496 772 559 7

601 679 642 741 Οἱ
655 683 762 759 πεῖραν
776 677 811 740 οὗ
826 679 984 745 δεδωκότες

299 784 419 860 μᾶλλον
434 782 588 844 δοκοῦντες
601 775 619 857 ἢ
634 780 799 859 πεφυκότες
813 780 915 861 σοφοί.

754 906 772 967 8

254 993 410 1051 Erotianus
424 1013 452 1070 p.
468 1012 533 1069 132.
555 996 691 1065 Διηπέτης,
706 995 762 1048 ἀντὶ
775 999 823 1049 τοῦ
837 995 990 1068 δισυγὴςκαῖ
1001 996 1119 1068 καθαρός.
1141 995 1175 1052 ίις
1186 997 1228 1050 καῖ
1238 997 1319 1068 Εὐρι-

213 1093 290 1162 πίδης
308 1094 336 1147 ἐν
348 1094 444 1148 Φοίνικι
462 1095 547 1165 λέγων
568 1100 588 1122 “
605 1094 697 1162 Δμωσῖ
717 1092 740 1146 δ’
762 1093 864 1162 ἐμοῖσιν
884 1088 966 1158 εῖπον,
989 1094 1023 1149 ὧς
1043 1091 1190 1165 ταισηριῖιις
1210 1095 1321 1166 πυρίδες

214 1193 256 1247 καὶ
269 1191 374 1262 &mrim
388 1190 506 1247 mim?
536 1189 609 1259 Quae
623 1189 665 1246 sic
678 1188 847 1246 emendavit
858 1189 962 1247 Valck.
977 1190 1069 1247 Diatr.
1084 1207 1113 1264 p.
1125 1205 1193 1263 274.

301 1286 426 1363 Δμωσὶυ
441 1283 465 1347 δ’
482 1287 598 1364 ἐμοῖσιν
614 1283 763 1361 εῖπον,-ὡς
779 1283 918 1365 καυτήρια
1166 1271 1169 1279 ⁴

300 1390 331 1454 ἐς
343 1391 400 1468 πιῖρ
416 1388 475 1451 ἔδει
489 1388 537 1451 καὶ
552 1383 672 1471 [ταῦτα]
690 1386 724 1464 δὴ
739 1391 852 1464 διιπετῆ
872 1452 874 1457 ,

301 1494 405 1552 θεῖναι.

257 1676 391 1736 διαίνουσι
410 1697 473 1736 120.
488 1699 518 1756 p.
528 1679 597 1736 608.
756 1613 775 1675 9

302 1775 407 1837 Καίτοι
421 1771 485 1838 ποτ’
504 1777 532 1838 εί
545 1772 599 1838 τιν’
617 1772 751 1853 εἰσίδοιμ’
769 1775 827 1837 ἆνδ
842 1773 949 1836 πτόλιν

303 1876 420 1958 τυφλὸν
435 1881 635 1960 προηγητῆρος
649 1875 853 1958 ἐξῃρημένον,

303 1980 482 2059 εὐδαιμονῶν
495 1985 559 2046 ταῖς
573 1985 739 2060 συμφοραῖς
754 1979 935 2059 ἐλοιδόρουν,

302 2084 340 2149 ὡς
355 2082 454 2149 δειλὸς
469 2086 514 2162 είη
529 2083 658 2146 θάνατον
674 2082 806 2145 ἐκποδὼν
821 2081 910 2163 έχων.

301 2184 349 2246 καῖ
364 2189 417 2247 νῦν
431 2182 551 2265 λόγοισι
565 2189 626 2250 τοῖς
639 2185 719 2262 ἐμοῖς
734 2184 874 2248 ἐναντίως

301 2284 431 2369 πέπτωχ’
444 2289 461 2349 δ
476 2285 604 2365 τλήμων.
629 2283 651 2348 ιῖ
666 2282 808 2366 φιλόζωοι
821 2284 936 2367 βροτοί,

302 2387 331 2451 οῖ
345 2388 398 2466 τὴν
414 2389 645 2471 ἐπιστείχουσαν
658 2387 770 2469 ἡμέραν
785 2390 858 2451 ἰδεῖν

301 2492 415 2554 ποθεῖτ’
431 2491 553 2573 ἔχοντες
566 2491 676 2572 μυρίων
690 2491 782 2572 ἄχθος
798 2494 903 2553 κακῶν.

302 2593 394 2659 οθιως
409 2593 482 2673 ἔρως
494 2598 651 2674 βροτοῖσιν
668 2593 797 2674 ἔγκειται
810 2593 891 2671 βίου.

302 2693 336 2756 τδ
351 2698 404 2774 (ἣν
418 2697 476 2776 γὰρ
491 2696 588 2774 ίσμεν·
611 2699 664 2757 τοῦ
679 2699 781 2757 θανεῖν
796 2692 819 2757 δ’
836 2695 954 2778 ἀπειρίᾳ

301 2800 358 2862 πῖις
372 2822 415 2864 τις
430 2803 571 2878 φοβεῖται
585 2803 649 2878 φῶς
662 2801 762 2858 λιπεῖν
777 2794 835 2858 τόδ’
851 2797 947 2874 ἡλίου.

747 2943 785 2985 10

260 3010 394 3071 Stobaeus
409 3031 456 3088 39.
471 3032 501 3088 p.
514 3011 581 3068 226.

303 3109 345 3172 Σὺ
360 3107 396 3181 δ’,
413 3105 436 3170 ὦ
450 3103 572 3192 πατρῴα
585 3107 668 3188 χθὼν
683 3108 762 3185 ἐμεῖν
774 3104 972 3188 γεννητόρων,

302 3208 392 3294 χαῖρ’·
417 3211 501 3291 ἀνδρὶ
515 3208 573 3291 γάρ
588 3234 644 3281 τοι,
662 3206 716 3271 κδν
730 3208 907 3289 ὑπερβάλλῃ
923 3215 1030 3283 κακοῖς,

302 3314 355 3376 οὐκ
371 3312 435 3376 ἔστι
450 3315 502 3374 τοῦ
517 3310 685 3392 θρέψαντος
699 3312 782 3389 ἥδιον
797 3309 898 3375 πέδον.

258 3529 391 3587 Stobaeus
409 3543 455 3602 71.
470 3546 498 3602 p.
511 3543 582 3599 434.
665 3522 669 3533 ’
751 3457 785 3500 Η

303 3622 381 3703 Γυνή
395 3649 428 3686 τε
442 3622 562 3686 πόντων
577 3622 759 3703 ἀγριώτατον
776 3621 872 3686 κακόν.

753 3767 789 3813 12

258 3838 392 3898 Stobaeus
407 3836 456 3894 88.
472 3857 501 3914 p.
517 3852 585 3912 500.

167 3937 169 3942 ’
303 3933 461 4014 Μέγιστον
476 3929 521 4013 ἆρ’
537 3932 574 4010 ἣν
588 3932 607 4012 ἡ
622 3933 722 4013 φύσις·
746 3931 780 3994 τὸ
795 3936 853 4015 γὰρ
869 3934 959 3998 κακὸν

303 4036 397 4101 οὐδεὶς
411 4034 530 4116 τρέφων
546 4036 578 4098 εδ
593 4033 727 4116 χρηστὸν
742 4032 780 4097 ἃν
796 4037 859 4116 θείη
874 4036 957 4101 ποτέ.

750 4181 762 4223 1

260 4266 433 4350 HesychiuS,
446 4265 637 4337 Ἀμνὴστευτος
649 4267 732 4340 γυνὴε
756 4181 914 4338 ἡ3παλλακὴ.
936 4271 1076 4342 Εὐριπίδης
1089 4273 1195 4329 Φοίνικι.
