2850 4898
657 287 884 346 ΕΥΡΙΠΙΔΟΥ

684 460 853 518 mm.

256 669 339 727 Philo
359 668 427 725 Jud.
449 687 478 744 p.
493 667 542 743 98.
559 668 606 726 ed.
622 602 782 745 Hoesch.1l›
798 685 856 746 537
872 671 899 729 d.
923 670 982 746 869
996 689 1022 729 a.
1047 670 1104 729 880
1119 670 1149 729 b.
1171 669 1322 728 Emebius

215 766 247 823 P.
262 766 295 823 E.
311 765 362 824 v1.
376 785 404 842 p.
422 782 490 838 242.
513 765 721 831 Artemid.1V,
738 782 787 842 59.

302 860 384 942 Πρδς
398 858 477 923 ταῦτ’
492 863 544 924 ἰτω
557 862 614 941 μὲν
628 865 695 942 πῦρ,
712 864 763 925 ἴτω
779 863 812 925 δὲ
827 862 983 944 φάσγανα·

300 964 423 1043 πίμπρη,
440 961 559 1026 κάταιθε
574 962 697 1044 σάρκας,
713 964 902 1044 έμπλήσθητί
912 990 970 1044 μου

300 1067 395 1128 πίνων
410 1063 549 1127 κελαινὸν
565 1064 646 1142 αἰμα·
670 1066 784 1146 πρόσθε
799 1068 856 1146 γὰρ
873 1065 950 1129 κάτω

300 1171 354 1249 γῆς
369 1166 446 1230 εἶσιν
460 1168 566 1247 άστρα,
583 1170 621 1247 γῆ
637 1165 660 1229 δ’
677 1165 771 1230 άυεισ’
788 1169 830 1234 εἰς
843 1166 957 1248 αἰθέρα,

300 1271 369 1351 πρὶν
385 1272 416 1348 ἐξ
432 1272 504 1348 ἐμοῦ
518 1295 568 1332 σοι
582 1268 653 1332 θῶπ’
670 1271 838 1348 ἀπαντῆσαι
851 1271 955 1351 λόγον.

216 1375 298 1432 Philo
312 1395 341 1450 p.
357 1388 426 1449 537.
441 1374 567 1449 primum
582 1384 697 1431 tantum
709 1392 826 1431 versum
840 1373 948 1441 habet;
971 1393 1000 1451 p.
1014 1372 1083 1432 880.
1102 1373 1165 1431 haec
1179 1371 1322 1448 praefutur

215 1469 257 1526 οἰα
276 1471 336 1544 παρ’
352 1472 477 1544 Εὐριπίδῃ
498 1473 582 1542 φησὶν
602 1470 770 1544 ὁἩρακλῆς.
792 1470 875 1528 Idem
896 1471 1003 1549 legitur
1016 1470 1118 1527 Phoen.
1135 1482 1203 1544 521.
1233 1469 1272 1527 V.
1291 1487 1319 1527 2.

214 1571 328 1644 πίμπρη]
346 1570 413 1624 ὄπτα
427 1568 638 1626 Artemidorus.
660 1570 734 1639 τέμνε
749 1567 902 1625 Eusebius.

256 1768 339 1825 Philo
347 1767 366 1824 J
368 1766 414 1825 ud.
427 1785 456 1842 p.
470 1765 528 1822 880
539 1785 566 1823 c.
577 1765 623 1823 ed.
636 1695 854 1823 Hoesch.211‹i)=w
869 1768 916 1822 τόν
929 1768 1008 1822 ainau
1021 1767 1165 1822 σπουδαῖον
1179 1767 1230 1838 οἰχ
1244 1769 1318 1839 ὁρᾷς,

215 1865 256 1920 ότι
270 1868 329 1921 οὐδὲ
342 1863 507 1935 πωλούμενος
520 1865 637 1936 θεράπων
651 1860 714 1919 εἰναι
727 1865 807 1932 δοκεῖ,
823 1864 1007 1935 κατατλὴττων
1020 1865 1081 1921 τοὺς
1095 1865 1217 1936 ὁρῶντας,
1233 1864 1269 1921 ὃς
1286 1865 1320 1918 οἰι

215 1966 294 2032 μόνον
306 1962 443 2035 ἐλεύθερος
456 1963 501 2027 διν,
511 1962 581 2015 ιίλλιί
595 1963 636 2016 κοί
649 1963 779 2032 δεσπότης
792 1965 916 2032 ἰπάμενος
925 1966 972 2017 τοῦ
982 1962 1142 2035 πριαμένους
1157 1963 1172 2015 θ
1183 1964 1251 2034 γοῦν
1258 1960 1320 2034 Ἐρ-

214 2064 264 2130 μῆτ
276 2061 475 2131 πυνθανομένοις
488 2060 548 2129 ἡμῖν
561 2059 595 2116 ὣς
609 2061 712 2131 φαῦλός
725 2061 808 2126 ε’στιν,
822 2060 993 2132 ἀποκρίνεται·

295 2153 429 2218 Ἧκιστα
444 2159 569 2234 φαῦλος,
585 2155 667 2218 άλλᾶ
678 2159 740 2218 πᾶν
754 2156 939 2227 τούναντίον,

300 2259 461 2340 πρόσχημα
476 2256 585 2336 σεμνὸς
600 2257 652 2319 κού
667 2257 814 2330 ταπεινὸς,
830 2255 890 2321 οὐδ’
907 2257 985 2338 άγαν

302 2361 432 2441 εὔογκος,
449 2360 488 2425 ὡς
502 2358 539 2422 ἂν
554 2364 668 2433 δοῦλος,
685 2361 767 2423 ἀλλὰ
782 2361 830 2423 καὶ
846 2358 959 2438 στολὴν

303 2463 394 2525 ἰδόντι
409 2460 544 2542 λαμπρὸς
559 2462 607 2524 καὶ
621 2463 700 2546 ξόλιρ
715 2461 897 2542 δραστήριος,

257 2670 354 2748 Pergit
368 2670 450 2727 Philo
463 2669 482 2726 J
484 2668 531 2727 ud.

301 2766 407 2832 Οὐδεὶς
421 2763 445 2829 δ’
463 2768 493 2832 ἐς
507 2768 603 2832 οἴκους
615 2768 762 2833 δεσπότας
776 2766 934 2845 άμείυονας

301 2870 391 2932 αὑτοῦ
403 2870 546 2950 πρίασθαι
560 2871 714 2948 βούλεται·
739 2870 776 2932 σὲ
790 2867 814 2931 δ’
831 2870 956 2948 εἰσορῶν

299 2978 357 3040 πᾶς
370 2999 413 3040 τις
426 2972 567 3037 δέδοικεν·
591 2973 671 3052 ὄμμα
685 2975 743 3054 γὰρ
758 2970 848 3052 πυρὸς
863 2971 972 3053 γέμεις,

301 3082 406 3159 ταῦρος
419 3076 542 3143 λέοντος
556 3077 595 3142 ὣς
608 3074 733 3154 βλέπων
746 3072 819 3155 πρὸς
833 3072 978 3154 ἐμβολήν.

214 3177 261 3236 εἰτ’
276 3182 388 3254 ἰπιλέγει

300 3275 334 3338 τὸ
349 3275 419 3354 ἦθος
433 3275 523 3339 αὐτοῦ
544 3287 561 3317 ⁴*
589 3283 604 3314 ἰ
628 3276 663 3338 οὗ
679 3280 839 3358 κατηγορεῖ

300 3382 453 3458 σιγῶντος,
471 3378 508 3444 ὧς
524 3381 584 3456 εἴης
599 3375 636 3439 ἂν
651 3378 708 3459 οἰιχ
720 3376 856 3455 ὑπήκοος,

300 3478 426 3543 τάσσειν
441 3482 473 3543 δὲ
486 3485 607 3560 μᾶλλον
621 3477 638 3557 ἢ
652 3476 863 3541 ’πιτάσσεσθαι
879 3476 988 3542 θέλοις.

751 3619 773 3677 4

254 3704 336 3762 Philo
350 3704 419 3762 Jud.
433 3704 503 3761 ibid.
519 3721 544 3761 e.
560 3704 601 3760 itu
614 3701 724 3780 pergit:
748 3704 803 3756 ε’τεί
817 3701 845 3755 δέ
859 3704 900 3754 καί
915 3701 1056 3773 πριαμένου
1070 3701 1171 3756 Συλέος
1184 3697 1221 3755 εἰς
1233 3699 1316 3773 ιίγρδν

214 3803 343 3875 ε’πέμφθη,
360 3802 482 3872 διέδειξεν
502 3803 587 3873 ἔργοις
605 3802 637 3855 τδ
657 3797 826 3872 τῆσφύσεως
844 3793 1001 3852 ἀδούλωτον·
1023 3798 1070 3850 τδν
1082 3798 1129 3866 μίν
1141 3797 1192 3868 γάρ
1205 3797 1317 3869 θριστσν

214 3905 265 3954 τῶν
279 3901 329 3954 ε’κεί
341 3897 442 3972 ταθρων
456 3897 601 3954 καταθύσας
615 3900 657 3952 Διί
676 3899 812 3970 πρόφασιν
829 3896 960 3966 εὐωχεῖτο,
975 3894 1060 3948 πολίιν
1073 3893 1095 3947 δ’
1110 3889 1181 3949 οἰνον
1197 3895 1315 3967 ε’μφορὴ·

214 4021 264 4055 σας
277 3998 372 4070 άθρουν
385 3995 414 4052 εὖ
427 3997 497 4067 μάλα
511 3997 671 4053 κατακλιθεὶς
684 3992 841 4067 ἦκρατίζετο.
885 3995 961 4047 Συλεί
973 3993 1002 4047 δί
1015 3991 1162 4067 ἀφικομένῳ
1178 3993 1219 4046 καί
1231 3993 1314 4047 δυσα·

214 4097 385 4166 νασχετοῦντι
398 4095 441 4148 έπί
455 4117 482 4148 τε
496 4097 528 4161 τῇ
541 4095 631 4163 βλάβῃ
646 4094 686 4147 καί
700 4096 732 4161 τῇ
745 4095 792 4147 τοῦ
813 4091 969 4164 θεράποντος
984 4086 1096 4161 ῥᾳθυμία
1114 4089 1155 4143 καί
1168 4089 1210 4142 ε’πί
1223 4092 1256 4154 τῇ
1270 4109 1316 4143 πε-

213 4196 287 4263 ριττῇ
301 4190 501 4263 καταφρονήσει,
515 4190 594 4259 μηδέν
607 4189 670 4260 μήτε
690 4191 734 4257 τῆς
748 4189 828 4258 χρόας
841 4185 905 4255 μήτε
927 4180 962 4240 εἰν
980 4187 1090 4256 ἔπραττε
1104 4187 1257 4251 καταβολὰν
1271 4188 1313 4241 εἰν-

213 4289 360 4358 τολμότατά
373 4291 443 4359 φησι
