2850 4898
198 286 263 349 854
651 288 879 348 ΕΥΡΙΠΙΔΟΥ

735 477 747 518 1

242 559 376 619 Stobaeus
390 560 439 637 96.
453 579 480 635 p.
495 577 562 635 530.
752 473 772 540 5

286 653 373 718 Ἀλλ’
389 654 483 736 ήμίρα
498 679 544 717 τοι
559 656 661 717 πολλὰ
676 653 723 716 καὶ
736 652 866 733 μέλαινα
881 653 933 732 νὺξ

286 759 377 822 τίκτει
391 762 523 839 βροτοῖς.

242 964 344 1022 Pollux
358 964 398 1030 X,
418 982 427 1019 1
440 977 483 1035 17.
506 965 592 1020 Πανὸς
602 964 642 1017 καὶ
656 875 774 1034 φανὸύή
782 965 895 1034 λαμπὰς,
908 964 942 1021 ὥς
956 962 1018 1019 ὅταν
1028 966 1067 1035 φῇ
1077 965 1105 1020 ἰν
1112 962 1242 1035 Ἀλκμήνῃ
1252 964 1305 1019 Εὖ-

199 1063 302 1134 ριπίδης

288 1158 391 1220 Πόθεν
406 1157 438 1219 δὲ
453 1155 561 1233 πεύκης
574 1153 673 1218 πανὸν
688 1156 803 1235 ἐξεῦρες
817 1161 941 1235 λαβεῖν;

244 1362 417 1439 HesychiuS,
429 1362 562 1434 Ἀμολγὸν
575 1361 652 1417 νύκτα
665 1291 805 1435 ΕύριτῙτύόης
817 1364 947 1435 Ἀλκμήνῃ
962 1366 1075 1437 ζοφερὰν
1088 1367 1128 1420 καὶ
1142 1363 1285 1433 σκοτεινήν.

674 1592 834 1652 ΑΛΟΠΗ.

245 1693 452 1770 HarpocratiO,
468 1692 578 1760 Ἀλόπη.
591 1697 738 1765 Λυκοῦργος
752 1695 779 1748 ἐν
789 1697 825 1768 τῷ
832 1695 892 1767 περὶ
903 1694 1005 1766 ίερείας.
1026 1692 1169 1767 Κερκύονος
1178 1695 1306 1766 θιγότηρ,

204 1793 234 1864 ἐξ
247 1791 276 1862 ής
296 1792 337 1846 καὶ
350 1791 515 1847 Ποσειδῶνος
527 1789 671 1845 Ἱπποθόων
685 1792 700 1843 ό
713 1793 759 1860 τῆς
779 1791 994 1848 Ἰπποθοωντίθος
1007 1793 1095 1862 φνλής
1115 1792 1257 1862 ἐπώνυμος,
1272 1791 1309 1847 ὥς

202 1890 354 1946 Ἑλλάνικός
368 1910 397 1942 τε
411 1888 438 1942 ἐν
451 1888 557 1960 δευτέρᾳ
570 1885 687 1946 Ἀτθίδος
700 1891 741 1943 καλ
755 1891 894 1962 Εὐριπίδης
905 1892 932 1946 ἐν
945 1894 983 1965 τῷ
996 1888 1129 1965 όμανύμφ.

245 2105 415 2163 Eustathius
428 2104 537 2180 p.656‚
551 2104 598 2179 58.
624 2036 771 2178 164ο,6ύ.
800 2105 952 2179 1681,41.
987 2106 1164 2179 Εὕρηταίπον
1181 2110 1248 2178 κῦμα
1267 2109 1310 2163 καὶ

204 2209 235 2261 τὸ
249 2203 342 2275 κύημα,
362 2204 396 2260 ὡς
409 2205 486 2272 δηλοῖ
502 2205 544 2257 καὶ
557 2204 696 2275 Εὐριπίδης
717 2205 744 2258 ἐν
758 2203 892 2276 Κερκύονι,
909 2203 940 2258 οὗ
953 2205 1000 2274 τήν
1013 2205 1141 2277 θυγατέρα
1153 2208 1242 2277 γέμειν
1255 2205 1308 2276 ἔφη

204 2303 315 2374 κύματος
329 2302 484 2373 θεοσπόρον.
497 2304 545 2354 τοῦ
559 2300 587 2352 ε’κ
600 2300 765 2356 Ποσειδῶνος
778 2299 887 2369 δηλαδή.
922 2302 1055 2373 γέμουσαν
1073 2312 1118 2359 est
1131 2302 1197 2358 loco
1211 2301 1309 2377 primo

205 2410 236 2457 et
248 2398 345 2457 tertio.

746 2523 764 2570 2

247 2594 418 2653 Eustathius
436 2612 465 2668 p.
482 2609 568 2665 1902.
584 2592 623 2647 in.
636 2593 780 2662 Σημείωσαι
794 2594 822 2648 δὲ
837 2592 877 2648 ότι
896 2593 1009 2668 Ὀμήρου
1023 2595 1140 2652 εἷπόντος
1158 2597 1188 2649 τὸ
1203 2596 1309 2666 Μεμνή-
1416 2594 1419 2598 ’

205 2692 301 2748 σεοθαι
314 2687 399 2760 ὀΐομαι
412 2691 440 2743 ἔν
453 2710 502 2760 περ
515 2687 615 2762 ὀνείρῳ,
630 2690 721 2754 λαβὼν
734 2689 829 2744 ἐκεῖθεν
842 2690 982 2763 Εὐριπίδης
996 2688 1123 2745 όνόπαλιν
1133 2692 1184 2761 ἔφη
1199 2691 1227 2745 ἐν
1241 2699 1310 2763 Κερ-

206 2789 277 2845 κύονι
287 2789 329 2844 ἐπὶ
342 2788 424 2859 φίλου
438 2785 550 2855 όμελοῦς
566 2785 716 2859 (Ποσειδῶν
725 2786 754 2840 δὲ
768 2784 799 2854 ήν
812 2786 917 2858 ἐκεῖνος)
933 2789 964 2841 τὸ

294 2881 422 2960 Πλήσος
436 2882 469 2943 δὲ
485 2879 575 2958 νηδὺν
590 2877 650 2943 οὐδ’
668 2881 741 2958 ὄναρ
758 2877 818 2941 κατ’
835 2879 984 2960 εὐφρόνην

294 2986 395 3067 φίλοις
411 2984 522 3060 ἔδειξεν
534 2983 633 3046 αὑτόν.

208 3090 291 3149 Cons.
306 3110 335 3166 p.
353 3091 436 3162 1607.
452 3091 493 3146 in.
509 3086 560 3143 ubi
573 3086 678 3155 πλήσας
691 3087 720 3141 δὲ
734 3087 811 3154 νηδὺν
825 3085 948 3161 explicat
961 3085 1018 3141 ἀντὶ
1035 3089 1082 3140 τοῦ
1101 3084 1227 3159 ε’γκύμονα
1251 3108 1310 3140 ποι-

207 3209 282 3256 ηοας.

250 3368 378 3444 Etymol.
388 3368 432 3425 M.
447 3387 476 3443 p.
487 3384 557 3438 420,
574 3369 619 3421 τό.
641 3294 779 3437 Εὐριπίδής
792 3363 894 3432 Ἀλόπῃ

296 3461 343 3526 Ού
357 3462 415 3543 μὴν
430 3464 469 3525 ού
483 3459 510 3543 γ’
526 3461 601 3538 ἡμᾶς
614 3458 681 3522 τοὺς
695 3458 834 3521 τεκόντος
847 3455 955 3534 ᾐδέσω.

252 3669 387 3728 Stobaeus
400 3683 446 3741 71.
462 3687 489 3743 p.
506 3685 575 3741 432.
748 3595 770 3652 4

298 3764 376 3841 Γυνή
390 3763 507 3843 γυναικὶ
522 3763 676 3844 σύμμαχος
690 3760 806 3843 πέφυκέ
820 3785 888 3827 πως.

253 3969 388 4027 Stobaeus
404 3984 450 4043 77.
466 3988 494 4044 p.
510 3983 580 4043 455.
748 3898 768 3962 ⁵

297 4066 377 4145 Ἐγὼ
394 4063 432 4142 δ’,
448 4063 464 4127 ὃ
479 4065 535 4143 μὶν
550 4063 703 4145 μέγιστον,
720 4064 844 4144 ἄρξομαι
860 4060 964 4143 λέγειν

299 4167 332 4229 ἐκ
346 4170 430 4229 τοῦδε
446 4171 570 4247 πρῶτον·
595 4167 683 4247 πατρὶ
697 4167 854 4229 πείθεσθαι
868 4164 967 4247 χρεὸν

298 4273 404 4335 παῖδας
418 4271 546 4346 νομίζειν
561 4267 584 4331 τ’
598 4268 669 4332 αὐτὸ
685 4269 763 4332 τοῦτ’
779 4267 854 4331 εἶναι
869 4267 961 4345 δίκην.
