2850 4898
151 285 217 350 938
594 284 822 343 ΕΥΡΙΠΙΔΟΥ

151 455 209 509 άντί
228 459 275 509 τοῦ
292 455 397 526 δράσεις
418 453 545 526 ε’ξίηνεγκε.
575 449 674 509 Schol.
688 452 776 508 Arist.
797 447 975 524 Thesmoph.
992 447 1060 520 870.
1089 445 1202 517 Σάνηθες
1224 448 1256 500 τὸ

153 554 251 623 σχῆμα.
274 552 421 622 Μένανδρος
435 559 454 582 “
471 545 548 605 Οἶσθ
563 549 577 603 δ
591 549 788 619 ποίησον.”-“
805 545 881 604 Οἶσθ
895 545 941 603 οόν
955 546 969 600 δ
987 542 1100 619 δρᾶσον”
1114 545 1257 618 Εὐριπίδης

153 645 285 724 Πολυίδῳ.

552 886 853 946 ΠΡΟΤΕΣΙΛΑΟΣ.

196 1011 294 1070 Schol.
308 1011 427 1068 Aristid.
442 1012 501 1068 vol.
518 1011 557 1068 ΙΙ.
572 1031 603 1086 p.
622 1011 688 1068 228.
703 1011 748 1068 ed.
765 1010 847 1069 Iebb.
866 1011 897 1066 ὀ
912 1011 1097 1084 Πρωτεσίλαος
1111 1009 1198 1081 δρᾶμα
1210 1006 1256 1078 γέ-

154 1133 267 1184 γραπται
280 1114 316 1185 τῷ
329 1109 464 1182 Εὐριπίδη.
486 1112 590 1182 λέγεται
603 1111 631 1164 δὲ
645 1109 685 1163 ὅτι
698 1109 818 1181 γαμήσας
831 1111 873 1163 καί
885 1109 945 1179 μίαν
958 1108 1053 1180 ἡμέραν
1066 1107 1146 1176 μόνον
1156 1126 1256 1176 συγγε-

156 1212 261 1278 νόμενος
274 1210 304 1276 τῇ
318 1208 418 1279 γυναικί
431 1204 578 1279 ἠναγκάσθη
591 1208 656 1276 μετὰ
672 1210 724 1260 τῶν
736 1206 870 1276 Ἑλλήνων
883 1208 946 1261 κατὰ
959 1206 1051 1278 Τροίας
1068 1203 1202 1267 ἀπελθεῖν,
1217 1203 1259 1256 καί

155 1311 258 1378 πρῶτος
276 1305 367 1369 ε’πιβδς
385 1306 429 1372 τῆς
447 1304 540 1375 Τροίας
560 1301 723 1372 ε’τελείτησε.
745 1305 785 1357 καί
807 1305 891 1376 φασὶν
908 1302 949 1358 ὅτι
965 1305 1026 1360 τοὺς
1045 1303 1113 1356 κάτω
1135 1301 1258 1369 δαίμονας

155 1400 271 1472 ᾐτήσατο
282 1404 322 1455 καὶ
332 1401 426 1472 ἀφείθη
436 1401 496 1471 μίαν
506 1401 601 1473 ἡμέραν
611 1403 652 1456 καί
663 1403 815 1474 συνεγίνετο
822 1406 854 1470 τῇ
865 1403 957 1456 εἀυτοΰ
966 1399 1075 1473 γυναικί.
1097 1394 1143 1454 Cf.
1153 1396 1257 1453 Tzetz.

158 1498 233 1556 Chil.
248 1498 289 1565 ΙΙ,
302 1499 360 1572 760
375 1517 438 1573 sqq.

699 1629 711 1671 l

199 1696 298 1754 Schol.
314 1695 406 1771 Soph.
424 1695 492 1752 OEd.
509 1698 542 1752 C.
563 1714 608 1753 10.
638 1700 753 1766 Βέβηλος
766 1700 846 1753 τόπος
859 1697 933 1751 ἐστίν
946 1697 1112 1768 ὁάιιάθαρτος
1122 1696 1165 1749 καὶ
1176 1695 1261 1761 βατός

157 1797 234 1851 πᾶσι.
253 1796 294 1848 καί
305 1796 421 1862 βέβηλος
434 1793 506 1866 ἀνὴρ,
522 1796 647 1866 όμιαρός.
672 1796 812 1867 Εὐριπίδης
825 1794 1004 1869 Πρωτεσιλάῳ

245 1889 291 1953 Οίι
306 1892 364 1970 γδρ
379 1886 462 1966 θέμις
474 1885 613 1967 βέβηλον
627 1886 774 1953 ἅπτεσθαι
789 1890 896 1968 δόμων.

160 1993 238 2050 Hinc
252 1991 358 2050 Suidas
372 2012 401 2050 v.
414 1995 539 2061 βέβηλος.

699 2120 718 2166 2

200 2192 372 2250 Plutarchus
386 2190 492 2246 Moral.
508 2208 536 2265 p.
553 2207 587 2245 10
602 2208 629 2246 a.
651 2188 785 2247 Stobaeus
796 2208 823 2267 5.
839 2211 869 2266 p.
881 2191 930 2267 63.
950 2211 994 2267 ¹9·
1009 2210 1039 2268 p.
1056 2190 1122 2249 168.

246 2290 341 2347 Δυοῖν
355 2283 523 2364 λεγόντοιν,
541 2282 666 2364 θατέρου
681 2283 873 2364 θυμουμένου,

246 2388 262 2448 δ
277 2384 317 2464 μὴ
330 2384 493 2448 ’ντιτείνων
507 2390 568 2451 τοῖς
583 2387 686 2467 λόγοις
701 2388 884 2469 σοφώτερος.

202 2608 336 2667 Stobaeus
350 2607 400 2682 67.
415 2628 444 2684 p.
459 2626 528 2682 423.

242 2701 350 2769 Ὅστις
365 2705 397 2766 δὲ
411 2702 510 2769 πάσας
525 2703 671 2769 συντιθεὶς
684 2703 777 2784 ψέγει
790 2707 873 2790 λόγῳ

248 2811 388 2888 γυναῖκας
403 2808 477 2884 ἑξῆς,
494 2803 596 2871 σκαιός
612 2807 677 2868 ἔστι
692 2805 744 2867 κού
759 2805 864 2889 σοφός.

248 2914 373 2972 πολλῶν
387 2911 444 2990 γδρ
460 2908 559 2971 οὐσῶν
573 2907 628 2985 τὴν
641 2909 697 2985 μὲν
713 2907 845 2989 εὑρήσεις
862 2908 960 2988 κακὴν,

248 3010 302 3090 τὴν
316 3009 352 3083 δ’,
369 3011 470 3090 ὥσπερ
486 3012 567 3088 αὕτη,
583 3007 651 3088 λῆμ’
669 3008 801 3092 ἔχουσαν
817 3011 945 3094 εὐγενές.

204 3215 337 3273 Stobaeus
352 3215 402 3291 96.
413 3235 443 3290 p.
461 3232 529 3291 532.
700 3148 722 3208 4

250 3310 296 3374 Οὐ
310 3308 394 3388 θαῦμ’
411 3310 524 3388 ἔλεξας,
541 3309 649 3388 θνητὸν
663 3312 737 3374 ὄντα
751 3317 918 3396 δυστυχεῖν.

206 3522 341 3581 Stobaeus
362 3541 426 3596 ¹23·
441 3543 471 3598 p.
487 3522 557 3598 615.
702 3459 722 3523 5

252 3616 423 3689 Πέπονθεν,
439 3618 488 3679 οἶα
503 3616 550 3679 καὶ
566 3618 602 3679 σέ
617 3619 666 3681 καὶ
680 3618 792 3686 πάντας
805 3620 897 3701 μένει.

208 3844 342 3903 Stobaeus
362 3860 426 3899 110.
442 3863 470 3918 p.
486 3845 556 3918 581.
705 3759 724 3819 6

254 3938 355 4001 Πόλλ’
370 3938 488 4003 ἐλπίδες
501 3939 648 4020 ψεόδουσι
664 3941 711 4003 καὶ
725 3941 813 4022 λόγοι
823 3944 960 4023 βροτούς.

209 4170 265 4226 Dio
280 4169 383 4244 Chrys.
394 4167 445 4225 Or.
461 4185 509 4244 37.
523 4189 554 4245 p.
566 4170 624 4246 467
640 4171 670 4229 b.
692 4086 760 4247 Ἐ7γὼ
774 4176 802 4229 δὲ
815 4175 863 4244 τὴν
875 4176 1016 4250 Εὐριπίδου
1031 4177 1189 4246 Λαοδάμειαν

193 4339 214 4347 υ
255 4264 307 4328 οὐκ
320 4262 359 4325 ἂν
372 4265 513 4341 προδοίην
529 4266 632 4346 καίπερ
647 4267 769 4350 ἄψυχον
784 4271 888 4350 φίλον.
