<?xml version="1.0" encoding="UTF-8"?>
<!DOCTYPE html PUBLIC "-//W3C//DTD XHTML 1.0 Transitional//EN"
    "http://www.w3.org/TR/xhtml1/DTD/xhtml1-transitional.dtd">
<html xmlns="http://www.w3.org/1999/xhtml" xml:lang="en" lang="en">
 <head>
  <title>
</title>
<meta http-equiv="Content-Type" content="text/html;charset=utf-8" />
  <meta name='ocr-system' content='tesseract 3.04.00' />
  <meta name='ocr-capabilities' content='ocr_page ocr_carea ocr_par ocr_line ocrx_word'/>
</head>
<body>
  <div class='ocr_page' id='page_1' title='image "./tragoediaesuper00eurigoog_0428.png"; bbox 0 0 2844 4882; ppageno 0'>
   <div class='ocr_carea' id='block_1_1' title="bbox 491 285 1214 349">
    <p class='ocr_par' dir='ltr' id='par_1_1' title="bbox 491 285 1214 349">
     <span class='ocr_line' id='line_1_1' title="bbox 491 285 1214 349; baseline 0.006 -4"><span class='ocrx_word' id='word_1_1' title='bbox 491 285 838 346; x_wconf 78' lang='grc' dir='ltr'><strong>ΑΠΟΣΠΑΣΜΑΤΙΑ.</strong></span> <span class='ocrx_word' id='word_1_2' title='bbox 1152 285 1214 349; x_wconf 91' lang='grc'>881</span> 
     </span>
    </p>
   </div>
   <div class='ocr_carea' id='block_1_2' title="bbox 110 448 1212 3274">
    <p class='ocr_par' dir='ltr' id='par_1_2' title="bbox 194 448 745 534">
     <span class='ocr_line' id='line_1_2' title="bbox 194 448 745 534; baseline 0.005 -20"><span class='ocrx_word' id='word_1_3' title='bbox 194 448 254 514; x_wconf 84' lang='grc' dir='ltr'>Ἴθι</span> <span class='ocrx_word' id='word_1_4' title='bbox 268 449 465 534; x_wconf 83' lang='grc' dir='ltr'>χρυσοχάλιν’</span> <span class='ocrx_word' id='word_1_5' title='bbox 482 453 573 532; x_wconf 79' lang='grc' dir='ltr'>αἴρων</span> <span class='ocrx_word' id='word_1_6' title='bbox 587 450 745 533; x_wconf 71' lang='grc' dir='ltr'>πτέρυγας,</span> 
     </span>
    </p>

    <p class='ocr_par' dir='ltr' id='par_1_3' title="bbox 113 555 646 632">
     <span class='ocr_line' id='line_1_3' title="bbox 113 555 646 632; baseline 0.004 -22"><span class='ocrx_word' id='word_1_7' title='bbox 113 556 159 611; x_wconf 88' lang='grc' dir='ltr'>τδν</span> <span class='ocrx_word' id='word_1_8' title='bbox 172 557 298 629; x_wconf 79' lang='grc' dir='ltr'>κάνθαρον</span> <span class='ocrx_word' id='word_1_9' title='bbox 310 560 348 632; x_wconf 82' lang='grc' dir='ltr'>τῷ</span> <span class='ocrx_word' id='word_1_10' title='bbox 361 557 478 631; x_wconf 78' lang='grc' dir='ltr'>Πηγάσῳ</span> <span class='ocrx_word' id='word_1_11' title='bbox 498 555 646 623; x_wconf 68' lang='grc' dir='ltr'>ἐπεικάζων.</span> 
     </span>
    </p>

    <p class='ocr_par' dir='ltr' id='par_1_4' title="bbox 152 671 685 830">
     <span class='ocr_line' id='line_1_4' title="bbox 647 671 660 714; baseline 0 0"><span class='ocrx_word' id='word_1_12' title='bbox 647 671 660 714; x_wconf 96' lang='lat' dir='ltr'>l</span> 
     </span>
     <span class='ocr_line' id='line_1_5' title="bbox 152 671 685 830; baseline 0 -19"><span class='ocrx_word' id='word_1_13' title='bbox 152 755 242 811; x_wconf 81' lang='lat' dir='ltr'>Arist.</span> <span class='ocrx_word' id='word_1_14' title='bbox 257 755 332 830; x_wconf 87' lang='lat' dir='ltr'>Equ.</span> <span class='ocrx_word' id='word_1_15' title='bbox 353 754 437 827; x_wconf 83' lang='lat'>1246.</span> <span class='ocrx_word' id='word_1_16' title='bbox 665 671 685 735; x_wconf 76' lang='lat'>9</span> 
     </span>
    </p>

    <p class='ocr_par' dir='ltr' id='par_1_5' title="bbox 199 847 814 931">
     <span class='ocr_line' id='line_1_6' title="bbox 199 847 814 931; baseline 0.007 -19"><span class='ocrx_word' id='word_1_17' title='bbox 199 847 352 913; x_wconf 86' lang='grc' dir='ltr'>Κυλίνδετ’</span> <span class='ocrx_word' id='word_1_18' title='bbox 369 852 440 913; x_wconf 79' lang='grc' dir='ltr'>εἴσω</span> <span class='ocrx_word' id='word_1_19' title='bbox 455 851 541 913; x_wconf 89' lang='grc' dir='ltr'>τόνδε</span> <span class='ocrx_word' id='word_1_20' title='bbox 555 849 608 913; x_wconf 88' lang='grc' dir='ltr'>τδν</span> <span class='ocrx_word' id='word_1_21' title='bbox 623 853 814 931; x_wconf 87' lang='grc' dir='ltr'>δυσδαίμονα.</span> 
     </span>
    </p>

    <p class='ocr_par' dir='ltr' id='par_1_6' title="bbox 112 955 1212 1029">
     <span class='ocr_line' id='line_1_7' title="bbox 112 955 1212 1029; baseline 0.002 -16"><span class='ocrx_word' id='word_1_22' title='bbox 112 956 162 1013; x_wconf 86' lang='lat' dir='ltr'>ubi</span> <span class='ocrx_word' id='word_1_23' title='bbox 176 955 267 1013; x_wconf 80' lang='lat' dir='ltr'><strong>schol.</strong></span> <span class='ocrx_word' id='word_1_24' title='bbox 281 960 362 1011; x_wconf 82' lang='grc' dir='ltr'>ταῦτα</span> <span class='ocrx_word' id='word_1_25' title='bbox 376 957 404 1012; x_wconf 76' lang='grc' dir='ltr'>δὲ</span> <span class='ocrx_word' id='word_1_26' title='bbox 418 957 446 1011; x_wconf 77' lang='grc' dir='ltr'>ἐκ</span> <span class='ocrx_word' id='word_1_27' title='bbox 460 959 674 1029; x_wconf 72' lang='grc' dir='ltr'>Βελλεροφόντου</span> <span class='ocrx_word' id='word_1_28' title='bbox 687 959 837 1029; x_wconf 81' lang='grc' dir='ltr'>Εὐριπίδου.</span> <span class='ocrx_word' id='word_1_29' title='bbox 867 961 897 1013; x_wconf 91' lang='grc' dir='ltr'>τδ</span> <span class='ocrx_word' id='word_1_30' title='bbox 911 960 940 1014; x_wconf 69' lang='grc' dir='ltr'>δὲ</span> <span class='ocrx_word' id='word_1_31' title='bbox 954 959 1079 1015; x_wconf 73' lang='grc' dir='ltr'>κυλίνδετ’</span> <span class='ocrx_word' id='word_1_32' title='bbox 1094 960 1151 1015; x_wconf 78' lang='grc' dir='ltr'>άντί</span> <span class='ocrx_word' id='word_1_33' title='bbox 1164 965 1212 1015; x_wconf 86' lang='grc' dir='ltr'>τοῦ</span> 
     </span>
    </p>

    <p class='ocr_par' dir='ltr' id='par_1_7' title="bbox 110 1054 232 1125">
     <span class='ocr_line' id='line_1_8' title="bbox 110 1054 232 1125; baseline 0 -17"><span class='ocrx_word' id='word_1_34' title='bbox 110 1054 232 1125; x_wconf 77' lang='grc' dir='ltr'>κομίζετε.</span> 
     </span>
    </p>

    <p class='ocr_par' dir='ltr' id='par_1_8' title="bbox 151 1166 686 1330">
     <span class='ocr_line' id='line_1_9' title="bbox 645 1166 686 1212; baseline 0 0"><span class='ocrx_word' id='word_1_35' title='bbox 645 1166 686 1212; x_wconf 86' lang='lat'>20</span> 
     </span>
     <span class='ocr_line' id='line_1_10' title="bbox 151 1253 471 1330; baseline 0 -20"><span class='ocrx_word' id='word_1_36' title='bbox 151 1253 283 1312; x_wconf 71' lang='lat' dir='ltr'>Stobaeus</span> <span class='ocrx_word' id='word_1_37' title='bbox 296 1272 346 1329; x_wconf 86' lang='lat'>95.</span> <span class='ocrx_word' id='word_1_38' title='bbox 359 1273 389 1330; x_wconf 88' lang='lat' dir='ltr'>p.</span> <span class='ocrx_word' id='word_1_39' title='bbox 402 1270 418 1329; x_wconf 81' lang='lat'>5</span> <span class='ocrx_word' id='word_1_40' title='bbox 429 1272 471 1330; x_wconf 85' lang='lat'>¹9·</span> 
     </span>
    </p>

    <p class='ocr_par' dir='ltr' id='par_1_9' title="bbox 187 1346 1206 3274">
     <span class='ocr_line' id='line_1_11' title="bbox 194 1346 841 1432; baseline 0.003 -20"><span class='ocrx_word' id='word_1_41' title='bbox 194 1346 276 1431; x_wconf 79' lang='grc' dir='ltr'>Ἐγὼ</span> <span class='ocrx_word' id='word_1_42' title='bbox 298 1348 332 1412; x_wconf 89' lang='grc' dir='ltr'>τὸ</span> <span class='ocrx_word' id='word_1_43' title='bbox 347 1350 403 1428; x_wconf 74' lang='grc' dir='ltr'>μὲν</span> <span class='ocrx_word' id='word_1_44' title='bbox 418 1349 453 1428; x_wconf 71' lang='grc' dir='ltr'>δὴ</span> <span class='ocrx_word' id='word_1_45' title='bbox 468 1353 623 1432; x_wconf 82' lang='grc' dir='ltr'>πανταχοῦ</span> <span class='ocrx_word' id='word_1_46' title='bbox 639 1351 841 1429; x_wconf 85' lang='grc' dir='ltr'>θρυλούμενον</span> 
     </span>
     <span class='ocr_line' id='line_1_12' title="bbox 197 1450 830 1538; baseline 0.002 -24"><span class='ocrx_word' id='word_1_47' title='bbox 197 1450 354 1534; x_wconf 86' lang='grc' dir='ltr'>κράτιστον</span> <span class='ocrx_word' id='word_1_48' title='bbox 369 1451 448 1514; x_wconf 85' lang='grc' dir='ltr'>εἶναί</span> <span class='ocrx_word' id='word_1_49' title='bbox 460 1459 544 1532; x_wconf 89' lang='grc' dir='ltr'>φημι,</span> <span class='ocrx_word' id='word_1_50' title='bbox 560 1451 600 1531; x_wconf 75' lang='grc' dir='ltr'>μὴ</span> <span class='ocrx_word' id='word_1_51' title='bbox 615 1454 707 1532; x_wconf 84' lang='grc' dir='ltr'>φῦναι</span> <span class='ocrx_word' id='word_1_52' title='bbox 720 1456 830 1538; x_wconf 84' lang='grc' dir='ltr'>βροτῷ·</span> 
     </span>
     <span class='ocr_line' id='line_1_13' title="bbox 195 1555 832 1636; baseline 0.002 -20"><span class='ocrx_word' id='word_1_53' title='bbox 195 1559 326 1634; x_wconf 82' lang='grc' dir='ltr'>τρισσῶν</span> <span class='ocrx_word' id='word_1_54' title='bbox 340 1555 373 1616; x_wconf 69' lang='grc' dir='ltr'>δὲ</span> <span class='ocrx_word' id='word_1_55' title='bbox 385 1559 496 1634; x_wconf 83' lang='grc' dir='ltr'>μοιρῶν</span> <span class='ocrx_word' id='word_1_56' title='bbox 512 1555 636 1636; x_wconf 78' lang='grc' dir='ltr'>ἐγκρινῶ</span> <span class='ocrx_word' id='word_1_57' title='bbox 652 1559 737 1617; x_wconf 84' lang='grc' dir='ltr'>νικῶν</span> <span class='ocrx_word' id='word_1_58' title='bbox 751 1557 832 1633; x_wconf 90' lang='grc' dir='ltr'>μίαν,</span> 
     </span>
     <span class='ocr_line' id='line_1_14' title="bbox 193 1654 898 1742; baseline 0.003 -23"><span class='ocrx_word' id='word_1_59' title='bbox 193 1657 324 1719; x_wconf 84' lang='grc' dir='ltr'>πλούτου</span> <span class='ocrx_word' id='word_1_60' title='bbox 339 1680 382 1729; x_wconf 93' lang='grc' dir='ltr'>τε,</span> <span class='ocrx_word' id='word_1_61' title='bbox 397 1654 483 1742; x_wconf 76' lang='grc' dir='ltr'>χῶτῷ</span> <span class='ocrx_word' id='word_1_62' title='bbox 499 1655 619 1736; x_wconf 70' lang='grc' dir='ltr'>σπέρμα</span> <span class='ocrx_word' id='word_1_63' title='bbox 634 1662 776 1738; x_wconf 79' lang='grc' dir='ltr'>γενναῖον</span> <span class='ocrx_word' id='word_1_64' title='bbox 788 1660 898 1738; x_wconf 80' lang='grc' dir='ltr'>προσῇ,</span> 
     </span>
     <span class='ocr_line' id='line_1_15' title="bbox 192 1758 898 1841; baseline 0.001 -20"><span class='ocrx_word' id='word_1_65' title='bbox 192 1758 296 1824; x_wconf 74' lang='grc' dir='ltr'>πενίας</span> <span class='ocrx_word' id='word_1_66' title='bbox 309 1758 347 1821; x_wconf 84' lang='grc' dir='ltr'>τ’·</span> <span class='ocrx_word' id='word_1_67' title='bbox 372 1758 496 1840; x_wconf 76' lang='grc' dir='ltr'>ἀριθμὸν</span> <span class='ocrx_word' id='word_1_68' title='bbox 510 1761 567 1839; x_wconf 78' lang='grc' dir='ltr'>γὰρ</span> <span class='ocrx_word' id='word_1_69' title='bbox 582 1759 707 1822; x_wconf 88' lang='grc' dir='ltr'>τοσόνδε</span> <span class='ocrx_word' id='word_1_70' title='bbox 721 1759 898 1841; x_wconf 70' lang='grc' dir='ltr'>προύθέμην.</span> 
     </span>
     <span class='ocr_line' id='line_1_16' title="bbox 194 1858 881 1944; baseline 0.01 -23"><span class='ocrx_word' id='word_1_71' title='bbox 194 1861 211 1921; x_wconf 86' lang='grc' dir='ltr'>ὀ</span> <span class='ocrx_word' id='word_1_72' title='bbox 224 1861 281 1939; x_wconf 74' lang='grc' dir='ltr'>μὲν</span> <span class='ocrx_word' id='word_1_73' title='bbox 295 1858 466 1935; x_wconf 75' lang='grc' dir='ltr'>ζάπλουτος,</span> <span class='ocrx_word' id='word_1_74' title='bbox 485 1862 525 1927; x_wconf 79' lang='grc' dir='ltr'>εἰς</span> <span class='ocrx_word' id='word_1_75' title='bbox 539 1860 627 1943; x_wconf 75' lang='grc' dir='ltr'>γένος</span> <span class='ocrx_word' id='word_1_76' title='bbox 641 1859 665 1923; x_wconf 94' lang='grc' dir='ltr'>δ’</span> <span class='ocrx_word' id='word_1_77' title='bbox 681 1862 734 1925; x_wconf 85' lang='grc' dir='ltr'>οὐκ</span> <span class='ocrx_word' id='word_1_78' title='bbox 749 1861 881 1944; x_wconf 73' lang='grc' dir='ltr'>εὐτυχὴς,</span> 
     </span>
     <span class='ocr_line' id='line_1_17' title="bbox 194 1960 867 2044; baseline 0.001 -19"><span class='ocrx_word' id='word_1_79' title='bbox 194 1962 285 2043; x_wconf 77' lang='grc' dir='ltr'>ἀλγεῖ</span> <span class='ocrx_word' id='word_1_80' title='bbox 296 1963 352 2040; x_wconf 71' lang='grc' dir='ltr'>μὲν</span> <span class='ocrx_word' id='word_1_81' title='bbox 367 1963 464 2042; x_wconf 78' lang='grc' dir='ltr'>ἀλγεῖ,</span> <span class='ocrx_word' id='word_1_82' title='bbox 480 1960 641 2043; x_wconf 75' lang='grc' dir='ltr'>παγκάλως</span> <span class='ocrx_word' id='word_1_83' title='bbox 655 1961 678 2025; x_wconf 77' lang='grc' dir='ltr'>δ’</span> <span class='ocrx_word' id='word_1_84' title='bbox 695 1963 867 2044; x_wconf 80' lang='grc' dir='ltr'>ἀλγύνεται,</span> 
     </span>
     <span class='ocr_line' id='line_1_18' title="bbox 192 2063 804 2148; baseline -0.002 -21"><span class='ocrx_word' id='word_1_85' title='bbox 192 2065 290 2143; x_wconf 78' lang='grc' dir='ltr'>ὄλβου</span> <span class='ocrx_word' id='word_1_86' title='bbox 306 2065 425 2146; x_wconf 86' lang='grc' dir='ltr'>διοίγων</span> <span class='ocrx_word' id='word_1_87' title='bbox 440 2063 576 2143; x_wconf 89' lang='grc' dir='ltr'>θάλαμον</span> <span class='ocrx_word' id='word_1_88' title='bbox 590 2065 712 2142; x_wconf 84' lang='grc' dir='ltr'>ἥδιστον</span> <span class='ocrx_word' id='word_1_89' title='bbox 727 2066 804 2148; x_wconf 86' lang='grc' dir='ltr'>χερί.</span> 
     </span>
     <span class='ocr_line' id='line_1_19' title="bbox 193 2165 836 2250; baseline 0 -21"><span class='ocrx_word' id='word_1_90' title='bbox 193 2165 248 2244; x_wconf 76' lang='grc' dir='ltr'>ἔξω</span> <span class='ocrx_word' id='word_1_91' title='bbox 265 2168 297 2230; x_wconf 74' lang='grc' dir='ltr'>δὲ</span> <span class='ocrx_word' id='word_1_92' title='bbox 311 2167 427 2246; x_wconf 79' lang='grc' dir='ltr'>βαίνων</span> <span class='ocrx_word' id='word_1_93' title='bbox 440 2170 535 2240; x_wconf 80' lang='grc' dir='ltr'>τοῦδε,</span> <span class='ocrx_word' id='word_1_94' title='bbox 552 2166 604 2229; x_wconf 85' lang='grc' dir='ltr'>τὸν</span> <span class='ocrx_word' id='word_1_95' title='bbox 618 2166 712 2247; x_wconf 74' lang='grc' dir='ltr'>πάρος</span> <span class='ocrx_word' id='word_1_96' title='bbox 724 2168 836 2250; x_wconf 84' lang='grc' dir='ltr'>χρόνον</span> 
     </span>
     <span class='ocr_line' id='line_1_20' title="bbox 191 2265 1206 2352; baseline 0.004 -23"><span class='ocrx_word' id='word_1_97' title='bbox 191 2273 338 2342; x_wconf 88' lang='grc' dir='ltr'>πλουτῶν,</span> <span class='ocrx_word' id='word_1_98' title='bbox 354 2267 401 2332; x_wconf 64' lang='grc' dir='ltr'>ὑπ’</span> <span class='ocrx_word' id='word_1_99' title='bbox 418 2269 488 2347; x_wconf 75' lang='grc' dir='ltr'>άτηε</span> <span class='ocrx_word' id='word_1_100' title='bbox 501 2269 601 2350; x_wconf 74' lang='grc' dir='ltr'>ζεῦγμ’</span> <span class='ocrx_word' id='word_1_101' title='bbox 612 2265 651 2332; x_wconf 79' lang='grc' dir='ltr'>ἂν</span> <span class='ocrx_word' id='word_1_102' title='bbox 666 2267 818 2352; x_wconf 86' lang='grc' dir='ltr'>δσχάλλοι</span> <span class='ocrx_word' id='word_1_103' title='bbox 832 2270 943 2333; x_wconf 84' lang='grc' dir='ltr'>πεσῶν.</span> <span class='ocrx_word' id='word_1_104' title='bbox 1167 2290 1206 2333; x_wconf 87' lang='lat'>10</span> 
     </span>
     <span class='ocr_line' id='line_1_21' title="bbox 191 2370 870 2456; baseline 0.001 -23"><span class='ocrx_word' id='word_1_105' title='bbox 191 2372 273 2438; x_wconf 80' lang='grc' dir='ltr'>ὅστις</span> <span class='ocrx_word' id='word_1_106' title='bbox 287 2374 320 2436; x_wconf 74' lang='grc' dir='ltr'>δὲ</span> <span class='ocrx_word' id='word_1_107' title='bbox 334 2376 446 2453; x_wconf 82' lang='grc' dir='ltr'>γαῦρον</span> <span class='ocrx_word' id='word_1_108' title='bbox 461 2371 579 2454; x_wconf 72' lang='grc' dir='ltr'>σπέρμα</span> <span class='ocrx_word' id='word_1_109' title='bbox 593 2372 734 2454; x_wconf 80' lang='grc' dir='ltr'>γενναῖόν</span> <span class='ocrx_word' id='word_1_110' title='bbox 747 2371 775 2433; x_wconf 91' lang='grc' dir='ltr'>τ’</span> <span class='ocrx_word' id='word_1_111' title='bbox 791 2370 870 2456; x_wconf 77' lang='grc' dir='ltr'>ἔχων</span> 
     </span>
     <span class='ocr_line' id='line_1_22' title="bbox 190 2473 783 2559; baseline 0 -22"><span class='ocrx_word' id='word_1_112' title='bbox 190 2475 261 2551; x_wconf 87' lang='grc' dir='ltr'>βίον</span> <span class='ocrx_word' id='word_1_113' title='bbox 275 2475 419 2549; x_wconf 76' lang='grc' dir='ltr'>σπανίζει,</span> <span class='ocrx_word' id='word_1_114' title='bbox 436 2477 475 2559; x_wconf 91' lang='grc' dir='ltr'>τῷ</span> <span class='ocrx_word' id='word_1_115' title='bbox 490 2473 572 2556; x_wconf 82' lang='grc' dir='ltr'>γίυει</span> <span class='ocrx_word' id='word_1_116' title='bbox 586 2476 642 2553; x_wconf 74' lang='grc' dir='ltr'>μὲν</span> <span class='ocrx_word' id='word_1_117' title='bbox 658 2475 783 2557; x_wconf 80' lang='grc' dir='ltr'>εὐτυχεῖ,</span> 
     </span>
     <span class='ocr_line' id='line_1_23' title="bbox 191 2575 855 2660; baseline -0.002 -19"><span class='ocrx_word' id='word_1_118' title='bbox 191 2578 278 2660; x_wconf 79' lang='grc' dir='ltr'>πενίη</span> <span class='ocrx_word' id='word_1_119' title='bbox 292 2577 317 2639; x_wconf 80' lang='grc' dir='ltr'>δ’</span> <span class='ocrx_word' id='word_1_120' title='bbox 332 2575 473 2639; x_wconf 75' lang='grc' dir='ltr'>ἐλάσσων</span> <span class='ocrx_word' id='word_1_121' title='bbox 488 2577 580 2650; x_wconf 75' lang='grc' dir='ltr'>ἐστὶν,</span> <span class='ocrx_word' id='word_1_122' title='bbox 597 2577 631 2640; x_wconf 80' lang='grc' dir='ltr'>ἐν</span> <span class='ocrx_word' id='word_1_123' title='bbox 645 2575 669 2640; x_wconf 83' lang='grc' dir='ltr'>δ’</span> <span class='ocrx_word' id='word_1_124' title='bbox 685 2578 855 2659; x_wconf 79' lang='grc' dir='ltr'>ἀλγύνεται,</span> 
     </span>
     <span class='ocr_line' id='line_1_24' title="bbox 191 2677 908 2761; baseline -0.004 -18"><span class='ocrx_word' id='word_1_125' title='bbox 191 2685 310 2760; x_wconf 80' lang='grc' dir='ltr'>φρενῶν</span> <span class='ocrx_word' id='word_1_126' title='bbox 324 2681 351 2743; x_wconf 92' lang='grc' dir='ltr'>δ’</span> <span class='ocrx_word' id='word_1_127' title='bbox 366 2678 413 2743; x_wconf 65' lang='grc' dir='ltr'>ὑπ’</span> <span class='ocrx_word' id='word_1_128' title='bbox 430 2681 528 2747; x_wconf 76' lang='grc' dir='ltr'>αἰδοῦς</span> <span class='ocrx_word' id='word_1_129' title='bbox 543 2677 603 2760; x_wconf 80' lang='grc' dir='ltr'>ἔργ’</span> <span class='ocrx_word' id='word_1_130' title='bbox 621 2680 781 2742; x_wconf 79' lang='grc' dir='ltr'>ἀπωθεῖται</span> <span class='ocrx_word' id='word_1_131' title='bbox 794 2683 908 2761; x_wconf 84' lang='grc' dir='ltr'>χεροῖν.</span> 
     </span>
     <span class='ocr_line' id='line_1_25' title="bbox 190 2781 878 2863; baseline -0.001 -18"><span class='ocrx_word' id='word_1_132' title='bbox 190 2784 206 2845; x_wconf 87' lang='grc' dir='ltr'>δ</span> <span class='ocrx_word' id='word_1_133' title='bbox 222 2783 249 2846; x_wconf 90' lang='grc' dir='ltr'>δ’</span> <span class='ocrx_word' id='word_1_134' title='bbox 263 2782 350 2846; x_wconf 75' lang='grc' dir='ltr'>οὐδὲν</span> <span class='ocrx_word' id='word_1_135' title='bbox 365 2783 469 2855; x_wconf 76' lang='grc' dir='ltr'>οὐδεὶς,</span> <span class='ocrx_word' id='word_1_136' title='bbox 486 2783 534 2846; x_wconf 83' lang='grc' dir='ltr'>διδ</span> <span class='ocrx_word' id='word_1_137' title='bbox 548 2781 653 2847; x_wconf 72' lang='grc' dir='ltr'>τέλους</span> <span class='ocrx_word' id='word_1_138' title='bbox 667 2783 699 2844; x_wconf 75' lang='grc' dir='ltr'>δὲ</span> <span class='ocrx_word' id='word_1_139' title='bbox 715 2785 878 2863; x_wconf 87' lang='grc' dir='ltr'>δυστυχῶν,</span> 
     </span>
     <span class='ocr_line' id='line_1_26' title="bbox 189 2884 765 2970; baseline 0 -21"><span class='ocrx_word' id='word_1_140' title='bbox 189 2888 302 2970; x_wconf 88' lang='grc' dir='ltr'>τοσῷδε</span> <span class='ocrx_word' id='word_1_141' title='bbox 317 2889 392 2968; x_wconf 82' lang='grc' dir='ltr'>νικῷ·</span> <span class='ocrx_word' id='word_1_142' title='bbox 416 2889 469 2948; x_wconf 84' lang='grc' dir='ltr'>τοῦ</span> <span class='ocrx_word' id='word_1_143' title='bbox 479 2887 537 2966; x_wconf 86' lang='grc' dir='ltr'>γδρ</span> <span class='ocrx_word' id='word_1_144' title='bbox 553 2884 585 2946; x_wconf 78' lang='grc' dir='ltr'>εδ</span> <span class='ocrx_word' id='word_1_145' title='bbox 600 2885 765 2962; x_wconf 66' lang='grc' dir='ltr'>τητώμενοι</span> 
     </span>
     <span class='ocr_line' id='line_1_27' title="bbox 188 2984 833 3068; baseline -0.003 -18"><span class='ocrx_word' id='word_1_146' title='bbox 188 2986 241 3051; x_wconf 83' lang='grc' dir='ltr'>οὐκ</span> <span class='ocrx_word' id='word_1_147' title='bbox 256 2986 345 3060; x_wconf 80' lang='grc' dir='ltr'>οἶδεν,</span> <span class='ocrx_word' id='word_1_148' title='bbox 363 2988 409 3050; x_wconf 81' lang='grc' dir='ltr'>ἀεὶ</span> <span class='ocrx_word' id='word_1_149' title='bbox 424 2991 578 3068; x_wconf 85' lang='grc' dir='ltr'>δυστυχῶν</span> <span class='ocrx_word' id='word_1_150' title='bbox 595 2990 687 3053; x_wconf 83' lang='grc' dir='ltr'>κακῶς</span> <span class='ocrx_word' id='word_1_151' title='bbox 701 2986 728 3047; x_wconf 89' lang='grc' dir='ltr'>τ’</span> <span class='ocrx_word' id='word_1_152' title='bbox 744 2984 833 3066; x_wconf 70' lang='grc' dir='ltr'>ἔχων.</span> 
     </span>
     <span class='ocr_line' id='line_1_28' title="bbox 187 3089 803 3169; baseline -0.006 -17"><span class='ocrx_word' id='word_1_153' title='bbox 187 3091 278 3157; x_wconf 75' lang='grc' dir='ltr'>οὕτως</span> <span class='ocrx_word' id='word_1_154' title='bbox 292 3091 414 3169; x_wconf 76' lang='grc' dir='ltr'>ἄμεινον</span> <span class='ocrx_word' id='word_1_155' title='bbox 428 3089 468 3168; x_wconf 76' lang='grc' dir='ltr'>μὴ</span> <span class='ocrx_word' id='word_1_156' title='bbox 482 3092 679 3168; x_wconf 82' lang='grc' dir='ltr'>πεπειρᾶσθαι</span> <span class='ocrx_word' id='word_1_157' title='bbox 694 3091 803 3149; x_wconf 89' lang='grc' dir='ltr'>καλῶν.</span> 
     </span>
     <span class='ocr_line' id='line_1_29' title="bbox 188 3190 771 3274; baseline -0.007 -19"><span class='ocrx_word' id='word_1_158' title='bbox 188 3194 284 3256; x_wconf 74' lang='grc' dir='ltr'>ἐκεῖνο</span> <span class='ocrx_word' id='word_1_159' title='bbox 299 3195 357 3274; x_wconf 81' lang='grc' dir='ltr'>γὰρ</span> <span class='ocrx_word' id='word_1_160' title='bbox 370 3191 543 3271; x_wconf 82' lang='grc' dir='ltr'>μεμνήμεθ’·</span> <span class='ocrx_word' id='word_1_161' title='bbox 573 3190 634 3256; x_wconf 74' lang='grc' dir='ltr'>οἶος</span> <span class='ocrx_word' id='word_1_162' title='bbox 647 3190 685 3269; x_wconf 76' lang='grc' dir='ltr'>ἣν</span> <span class='ocrx_word' id='word_1_163' title='bbox 699 3190 771 3253; x_wconf 77' lang='grc' dir='ltr'>ποτὲ</span> 
     </span>
    </p>
   </div>
   <div class='ocr_carea' id='block_1_3' title="bbox 100 3288 1200 3771">
    <p class='ocr_par' dir='ltr' id='par_1_10' title="bbox 100 3288 1200 3771">
     <span class='ocr_line' id='line_1_30' title="bbox 188 3288 1200 3378; baseline -0.004 -19"><span class='ocrx_word' id='word_1_164' title='bbox 188 3296 278 3378; x_wconf 81' lang='grc' dir='ltr'>κάγδ,</span> <span class='ocrx_word' id='word_1_165' title='bbox 293 3293 355 3373; x_wconf 90' lang='grc' dir='ltr'>μετ’</span> <span class='ocrx_word' id='word_1_166' title='bbox 371 3296 487 3376; x_wconf 79' lang='grc' dir='ltr'>ἀνδρῶν</span> <span class='ocrx_word' id='word_1_167' title='bbox 500 3294 573 3373; x_wconf 82' lang='grc' dir='ltr'>ἡνίκ’</span> <span class='ocrx_word' id='word_1_168' title='bbox 591 3292 733 3377; x_wconf 76' lang='grc' dir='ltr'>εὐτύχουν</span> <span class='ocrx_word' id='word_1_169' title='bbox 744 3288 826 3355; x_wconf 76' lang='grc' dir='ltr'>ποτέ.</span> <span class='ocrx_word' id='word_1_170' title='bbox 1160 3309 1200 3355; x_wconf 80' lang='lat'>20</span> 
     </span>
     <span class='ocr_line' id='line_1_31' title="bbox 101 3391 1199 3472; baseline -0.001 -20"><span class='ocrx_word' id='word_1_171' title='bbox 101 3396 137 3452; x_wconf 91' lang='lat' dir='ltr'>V.</span> <span class='ocrx_word' id='word_1_172' title='bbox 153 3415 176 3454; x_wconf 88' lang='grc' dir='ltr'>ι.</span> <span class='ocrx_word' id='word_1_173' title='bbox 190 3414 217 3454; x_wconf 81' lang='grc' dir='ltr'>α.</span> <span class='ocrx_word' id='word_1_174' title='bbox 239 3396 374 3455; x_wconf 81' lang='lat' dir='ltr'><strong>Stobaeus</strong></span> <span class='ocrx_word' id='word_1_175' title='bbox 388 3395 438 3472; x_wconf 89' lang='lat'>96.</span> <span class='ocrx_word' id='word_1_176' title='bbox 449 3415 476 3472; x_wconf 91' lang='lat' dir='ltr'>p.</span> <span class='ocrx_word' id='word_1_177' title='bbox 487 3410 555 3471; x_wconf 83' lang='lat'>531.</span> <span class='ocrx_word' id='word_1_178' title='bbox 578 3395 616 3452; x_wconf 89' lang='lat' dir='ltr'>V.</span> <span class='ocrx_word' id='word_1_179' title='bbox 628 3395 656 3452; x_wconf 89' lang='lat'>8.</span> <span class='ocrx_word' id='word_1_180' title='bbox 672 3394 767 3467; x_wconf 71' lang='grc' dir='ltr'>ὄλβου]</span> <span class='ocrx_word' id='word_1_181' title='bbox 784 3391 900 3449; x_wconf 76' lang='grc' dir='ltr'>πλούτου</span> <span class='ocrx_word' id='word_1_182' title='bbox 913 3391 1085 3451; x_wconf 73' lang='lat' dir='ltr'>Plutarchus</span> <span class='ocrx_word' id='word_1_183' title='bbox 1093 3393 1199 3452; x_wconf 82' lang='lat' dir='ltr'><strong>Moral·</strong></span> 
     </span>
     <span class='ocr_line' id='line_1_32' title="bbox 100 3493 793 3570; baseline -0.007 -18"><span class='ocrx_word' id='word_1_184' title='bbox 100 3513 129 3570; x_wconf 87' lang='lat' dir='ltr'>p.</span> <span class='ocrx_word' id='word_1_185' title='bbox 148 3494 222 3570; x_wconf 83' lang='lat'>1069</span> <span class='ocrx_word' id='word_1_186' title='bbox 231 3514 256 3553; x_wconf 76' lang='lat' dir='ltr'>a.</span> <span class='ocrx_word' id='word_1_187' title='bbox 278 3495 315 3553; x_wconf 93' lang='lat' dir='ltr'>V.</span> <span class='ocrx_word' id='word_1_188' title='bbox 331 3512 456 3566; x_wconf 84' lang='lat'>11-14.</span> <span class='ocrx_word' id='word_1_189' title='bbox 471 3493 606 3551; x_wconf 82' lang='lat' dir='ltr'><strong>Stobaeus</strong></span> <span class='ocrx_word' id='word_1_190' title='bbox 620 3510 668 3568; x_wconf 85' lang='lat'>94.</span> <span class='ocrx_word' id='word_1_191' title='bbox 683 3510 713 3567; x_wconf 87' lang='lat' dir='ltr'>p.</span> <span class='ocrx_word' id='word_1_192' title='bbox 724 3504 793 3566; x_wconf 83' lang='lat'>517.</span> 
     </span>
     <span class='ocr_line' id='line_1_33' title="bbox 657 3607 669 3650; baseline 0 0"><span class='ocrx_word' id='word_1_193' title='bbox 657 3607 669 3650; x_wconf 92' lang='lat'>1</span> 
     </span>
     <span class='ocr_line' id='line_1_34' title="bbox 142 3608 933 3771; baseline -0.004 -20"><span class='ocrx_word' id='word_1_194' title='bbox 142 3693 251 3752; x_wconf 83' lang='lat' dir='ltr'><strong>Justin.</strong></span> <span class='ocrx_word' id='word_1_195' title='bbox 266 3695 388 3771; x_wconf 80' lang='grc' dir='ltr'>Μαηγτ.</span> <span class='ocrx_word' id='word_1_196' title='bbox 404 3694 440 3751; x_wconf 87' lang='lat' dir='ltr'>de</span> <span class='ocrx_word' id='word_1_197' title='bbox 455 3693 605 3751; x_wconf 76' lang='lat' dir='ltr'><strong>monarch.</strong></span> <span class='ocrx_word' id='word_1_198' title='bbox 620 3608 650 3769; x_wconf 44' lang='grc' dir='ltr'>ηπ.</span> <span class='ocrx_word' id='word_1_199' title='bbox 667 3691 721 3748; x_wconf 81' lang='lat'>108</span> <span class='ocrx_word' id='word_1_200' title='bbox 732 3711 757 3749; x_wconf 89' lang='lat' dir='ltr'>c.</span> <span class='ocrx_word' id='word_1_201' title='bbox 773 3692 818 3751; x_wconf 87' lang='lat' dir='ltr'>ed.</span> <span class='ocrx_word' id='word_1_202' title='bbox 830 3691 933 3750; x_wconf 84' lang='lat' dir='ltr'>Colon.</span> 
     </span>
    </p>
   </div>
   <div class='ocr_carea' id='block_1_4' title="bbox 219 3787 824 3961">
    <p class='ocr_par' dir='ltr' id='par_1_11' title="bbox 219 3787 824 3961">
     <span class='ocr_line' id='line_1_35' title="bbox 220 3787 750 3866; baseline 0 -20"><span class='ocrx_word' id='word_1_203' title='bbox 220 3792 302 3863; x_wconf 77' lang='grc' dir='ltr'>Φησίν</span> <span class='ocrx_word' id='word_1_204' title='bbox 313 3814 351 3849; x_wconf 83' lang='grc' dir='ltr'>τις</span> <span class='ocrx_word' id='word_1_205' title='bbox 366 3787 429 3846; x_wconf 73' lang='grc' dir='ltr'>εἶναι</span> <span class='ocrx_word' id='word_1_206' title='bbox 442 3789 497 3860; x_wconf 77' lang='grc' dir='ltr'>δῆτ’</span> <span class='ocrx_word' id='word_1_207' title='bbox 509 3792 536 3846; x_wconf 76' lang='grc' dir='ltr'>ἔν</span> <span class='ocrx_word' id='word_1_208' title='bbox 549 3792 649 3866; x_wconf 74' lang='grc' dir='ltr'>οὐρανῷ</span> <span class='ocrx_word' id='word_1_209' title='bbox 661 3789 750 3854; x_wconf 79' lang='grc' dir='ltr'>θεούτ;</span> 
     </span>
     <span class='ocr_line' id='line_1_36' title="bbox 219 3886 824 3961; baseline -0.008 -17"><span class='ocrx_word' id='word_1_210' title='bbox 219 3891 266 3944; x_wconf 77' lang='grc' dir='ltr'>οὐκ</span> <span class='ocrx_word' id='word_1_211' title='bbox 279 3890 345 3944; x_wconf 80' lang='grc' dir='ltr'>είσίν</span> <span class='ocrx_word' id='word_1_212' title='bbox 358 3890 404 3944; x_wconf 74' lang='grc' dir='ltr'>οὐκ</span> <span class='ocrx_word' id='word_1_213' title='bbox 417 3886 478 3944; x_wconf 54' lang='lat' dir='ltr'>clv&amp;</span> <span class='ocrx_word' id='word_1_214' title='bbox 499 3887 524 3943; x_wconf 87' lang='grc' dir='ltr'>εί</span> <span class='ocrx_word' id='word_1_215' title='bbox 535 3911 575 3945; x_wconf 75' lang='grc' dir='ltr'>τις</span> <span class='ocrx_word' id='word_1_216' title='bbox 588 3888 729 3961; x_wconf 76' lang='grc' dir='ltr'>ἀνθρώπων</span> <span class='ocrx_word' id='word_1_217' title='bbox 741 3888 824 3959; x_wconf 80' lang='grc' dir='ltr'>λέγει,</span> 
     </span>
    </p>
   </div>
   <div class='ocr_carea' id='block_1_5' title="bbox 219 3983 833 4156">
    <p class='ocr_par' dir='ltr' id='par_1_12' title="bbox 219 3983 833 4156">
     <span class='ocr_line' id='line_1_37' title="bbox 219 3983 777 4062; baseline -0.004 -21"><span class='ocrx_word' id='word_1_218' title='bbox 219 3988 255 4058; x_wconf 73' lang='grc' dir='ltr'>με)</span> <span class='ocrx_word' id='word_1_219' title='bbox 268 3991 305 4060; x_wconf 91' lang='grc' dir='ltr'>τῷ</span> <span class='ocrx_word' id='word_1_220' title='bbox 316 3990 418 4062; x_wconf 86' lang='grc' dir='ltr'>παλαιῷ</span> <span class='ocrx_word' id='word_1_221' title='bbox 429 3990 515 4057; x_wconf 80' lang='grc' dir='ltr'>μῶρος</span> <span class='ocrx_word' id='word_1_222' title='bbox 524 3983 558 4040; x_wconf 88' lang='grc' dir='ltr'>ῶν</span> <span class='ocrx_word' id='word_1_223' title='bbox 571 3985 679 4058; x_wconf 76' lang='grc' dir='ltr'>χρήσθω</span> <span class='ocrx_word' id='word_1_224' title='bbox 693 3986 777 4058; x_wconf 73' lang='grc' dir='ltr'>λόγῳ.</span> 
     </span>
     <span class='ocr_line' id='line_1_38' title="bbox 219 4079 833 4156; baseline -0.005 -18"><span class='ocrx_word' id='word_1_225' title='bbox 219 4082 392 4156; x_wconf 73' lang='grc' dir='ltr'>σκίψασθεδ</span> <span class='ocrx_word' id='word_1_226' title='bbox 406 4083 481 4146; x_wconf 72' lang='grc' dir='ltr'>αι’ντδ,</span> <span class='ocrx_word' id='word_1_227' title='bbox 495 4082 530 4152; x_wconf 76' lang='grc' dir='ltr'>με)</span> <span class='ocrx_word' id='word_1_228' title='bbox 543 4079 581 4135; x_wconf 76' lang='grc' dir='ltr'>’τί</span> <span class='ocrx_word' id='word_1_229' title='bbox 595 4085 650 4137; x_wconf 80' lang='grc' dir='ltr'>τοῖο</span> <span class='ocrx_word' id='word_1_230' title='bbox 663 4082 733 4150; x_wconf 78' lang='grc' dir='ltr'>ε’μοῑι</span> <span class='ocrx_word' id='word_1_231' title='bbox 742 4081 833 4152; x_wconf 70' lang='grc' dir='ltr'>λόγοιν</span> 
     </span>
    </p>
   </div>
   <div class='ocr_carea' id='block_1_6' title="bbox 219 4273 876 4346">
    <p class='ocr_par' dir='ltr' id='par_1_13' title="bbox 219 4273 876 4346">
     <span class='ocr_line' id='line_1_39' title="bbox 219 4273 876 4346; baseline -0.011 -14"><span class='ocrx_word' id='word_1_232' title='bbox 219 4279 325 4333; x_wconf 77' lang='grc' dir='ltr'>κτείνειν</span> <span class='ocrx_word' id='word_1_233' title='bbox 334 4300 363 4333; x_wconf 90' lang='grc' dir='ltr'>τε</span> <span class='ocrx_word' id='word_1_234' title='bbox 373 4277 515 4333; x_wconf 79' lang='grc' dir='ltr'>πλείστους</span> <span class='ocrx_word' id='word_1_235' title='bbox 529 4277 664 4346; x_wconf 74' lang='grc' dir='ltr'>κτημάτων</span> <span class='ocrx_word' id='word_1_236' title='bbox 676 4273 699 4330; x_wconf 83' lang='grc' dir='ltr'>τ’</span> <span class='ocrx_word' id='word_1_237' title='bbox 713 4274 876 4344; x_wconf 81' lang='grc' dir='ltr'>ἀποστερεῖν,</span> 
     </span>
    </p>
   </div>
   <div class='ocr_carea' id='block_1_7' title="bbox 0 0 1426 4882">
    <p class='ocr_par' dir='ltr' id='par_1_14' title="bbox 0 0 1426 4882">
     <span class='ocr_line' id='line_1_40' title="bbox 0 0 1426 4882; baseline 0 5"><span class='ocrx_word' id='word_1_238' title='bbox 0 0 1426 4882; x_wconf 95' lang='lat' dir='ltr'> </span> 
     </span>
    </p>
   </div>
  </div>
 </body>
</html>
