2844 4882
657 292 885 353 ΕΥΡΙΠΙΔΟΥ

301 457 430 532 φύλλοις
445 453 622 536 στέφεσθαι,
638 455 749 540 χῶστις
763 459 877 540 ἡγεῖται
892 461 981 524 πόλει

303 567 461 640 κάλλιστα,
477 569 608 649 σώφρων
623 570 671 632 καὶ
685 571 796 636 δίκαιος
809 567 852 633 ῶν
866 571 951 653 ἀνὴρ,

301 671 384 736 ὅστις
397 696 434 752 γε
447 671 550 749 μύθοις
564 669 625 753 ἔργ’
642 671 837 736 ἀπαλλάσσει
852 676 937 747 κακῶ,

301 770 400 854 μάχας
413 769 438 835 τ’
454 772 591 853 άφαιρῶν
606 774 654 836 καὶ
668 772 800 840 στάσεις·
824 778 946 839 τοιαῦτα
959 777 1017 857 γάρ

301 875 391 938 πόλει
404 898 438 937 τε
452 873 534 952 πάσῃ
549 878 627 939 πῶσί
639 875 665 940 θ’
676 874 829 956 Ἕλλησιν
844 877 932 941 καλά.

216 994 253 1053 V.
274 1014 298 1054 1.
316 1013 343 1054 ν.
359 996 529 1054 Eustathius
541 1016 666 1074 p.1299‚
684 1016 731 1056 20.
756 998 794 1056 V.
807 1014 836 1073 7.
857 998 1260 1072 Αιλοοααικοὶξυυηρετμεῖυ.
1292 998 1330 1056 V.

220 1111 266 1152 12.
288 1095 416 1167 τρίβωνας
435 1096 597 1154 ἐκλείποντες
617 1096 765 1174 Diogenes
785 1097 883 1156 Luert.
902 1095 991 1171 1,56.
1013 1095 1051 1152 V.
1069 1111 1117 1152 αα.
1150 1094 1331 1153 Plutarchus

216 1190 324 1248 Moral.
340 1210 369 1267 p.
380 1190 436 1266 581
454 1191 475 1249 s.
492 1192 547 1267 803
562 1193 590 1251 b.

258 1390 357 1447 Pollux
369 1388 407 1456 X,
422 1408 487 1449 ΠΙ.
508 1393 647 1467 Εὐριπίδης
659 1397 707 1466 μὲν
720 1325 818 1469 εῗρύκεν
832 1397 860 1452 όν
873 1393 1014 1468 Αὐτολύκῳ
1027 1393 1159 1467 σατυρικῷ
1171 1392 1238 1451 τούς
1252 1392 1332 1451 ύνους

217 1487 278 1543 τούς
290 1489 475 1561 λαρκαγοιγούς
488 1486 571 1544 οἴσειν
584 1492 614 1562 ἐξ
628 1490 704 1564 ὅρους
718 1490 794 1564 ξύλα.

259 1702 360 1759 Pollux
374 1704 412 1769 X,
430 1705 494 1778 178.
517 1708 565 1761 Kal
586 1708 728 1780 Εὐριπίδου
744 1709 772 1764 ἐν
786 1706 926 1783 Αὐτολύκῳ
946 1708 1064 1762 εἰπόντος
1081 1712 1101 1736 “
1117 1706 1257 1778 Σχοινίνας
1277 1713 1332 1783 γὰρ

217 1798 322 1856 ἰ’ττττοισι
335 1799 446 1873 φλοΐνας
460 1802 532 1872 ἡνίας
544 1803 661 1861 ulixes?

624 2066 915 2127 ΒΕΛΛΕΡΟΦΩΝ.

218 2182 263 2241 De
278 2192 450 2260 argumento
464 2180 569 2240 fabulae
584 2183 675 2240 schol.
690 2183 977 2259 Aristoph.Acharn.
989 2199 1060 2258 425.
1085 2183 1154 2241 Ραο.
1175 2202 1185 2240 ι
1191 2201 1210 2258 3
1214 2199 1245 2260 5.
1262 2185 1331 2259 146.

687 2299 763 2355 Rau.
775 2298 843 2371 870.

261 2529 433 2587 Plutarchus
446 2529 552 2587 Morul.
567 2548 596 2605 p.
610 2544 668 2604 529
683 2548 708 2587 e.
732 2462 800 2587 Οὐδὲ
808 2533 848 2588 δεῖ
856 2535 911 2589 τοῖς
920 2533 1031 2590 ε’παῐνοις
1043 2530 1203 2602 κηλούμενον
1216 2533 1333 2602 ἥδεσθαι

219 2626 318 2698 -μηό
334 2627 423 2699 ῶσπερ
437 2630 452 2681 ό
465 2628 606 2699 Εὐριπίδου
617 2627 743 2702 Πήγασος

302 2719 451 2801 'Eumae'
466 2723 594 2785 ὑπείκων
606 2727 726 2802 μᾶλλον
741 2719 759 2802 ἢ
775 2720 859 2785 θόλοι

220 2848 257 2919 τῷ
267 2847 475 2916 Βελλεροφόντῃ,
489 2847 543 2901 τοῖς
558 2845 687 2915 δεομένοις
697 2847 788 2899 ἑαυτὸν
802 2846 928 2900 ἐκδιδόναι
942 2848 983 2899 καὶ
997 2847 1224 2901 συνεκταπεινοῦν.
1241 2844 1330 2902 Idem

221 2960 250 3017 p.
262 2942 318 3014 807
336 2959 361 2998 e.
393 2940 551 3014 ’Δγησύλαος
569 2943 627 3015 περὶ
645 2944 692 2999 τὰς
706 2943 858 3015 τῶνφίλων
872 2943 989 2999 σπονδὰς
1002 2943 1079 2999 αὐτὸς
1092 2943 1174 2996 αὐτοῦ
1186 2944 1333 3014 γινόμενος

220 3039 412 3095 ἀσθενέστατος
425 3042 466 3094 καὶ
479 3042 670 3106 ταπεινότατος,
687 3040 777 3114 ῶσπερ
791 3044 805 3095 ὁ
819 3040 961 3114 Εὐριπίδου
974 3038 1099 3113 Πήγασος

302 3133 424 3214 Ἐπιηέ
447 3136 574 3199 ὑπείκων
588 3142 708 3215 μᾶλλον
721 3135 739 3215 ἢ
753 3142 872 3216 μᾶλλον
887 3136 981 3201 θόλοι.

221 3258 261 3311 καλ
275 3259 331 3312 ταῖς
346 3256 463 3326 ἀτυχίαις
480 3257 674 3330 προθυμότερον
691 3259 795 3328 βοηθῶν
811 3262 858 3313 τοῦ
875 3260 979 3316 δέοντος
991 3259 1073 3314 ε’δύκει
1087 3257 1334 3327 συνεξομοιοῦσθαι

221 3356 277 3410 ταῖς
289 3353 403 3409 άδικύαις.

263 3566 360 3625 Schol.
377 3566 477 3641 Eurip.
488 3566 585 3624 Orest.
598 3566 694 3642 (872.)
713 3567 730 3624 8
734 3500 856 3644 592861.
885 3574 975 3640 Χῶμα,
991 3564 1023 3623 οὐ
1037 3566 1175 3638 συμβαίνει
1188 3567 1254 3624 τοὺς
1267 3566 1335 3642 Ἀρ.

220 3666 306 3738 γείους
333 3666 451 3733 δικάζειν.
483 3665 550 3735 τάχα
574 3665 598 3721 δ’
621 3663 653 3720 ἂν
675 3666 770 3722 τούτου
791 3670 832 3723 καὶ
852 3669 879 3723 ε’ν
893 3668 1092 3741 Βελλεροφόντῃ
1113 3663 1272 3736 μνημονεύοι
1297 3668 1334 3722 εἰ·

220 3763 276 3816 πῶν

309 3857 355 3919 καὶ
370 3854 478 3935 ξεστὸν
493 3858 586 3938 ὄχθον
602 3861 761 3921 Δαναϊδῶν
777 3858 976 3940 ἑδρασμάτων.

220 3963 369 4034 ἑδράομοτο
384 3962 580 4019 Hermannus.

759 4110 777 4174 3

263 4177 397 4234 Stobaeus
414 4195 458 4232 ιο,
474 4196 503 4252 p.
522 4196 586 4251 ¹27·

307 4270 363 4338 Ὡς
378 4271 507 4353 ἔμφυτος
520 4275 576 4349 μὲν
590 4278 682 4335 πᾶσιν
698 4275 861 4353 ἀνθρώποις
877 4274 958 4352 κάτον
