2850 4898
188 274 254 342 924
632 280 860 343 aapmlam'

231 530 364 589 Stobaeua
380 548 407 606 7.
422 552 451 608 p.
469 532 517 589 86.
723 467 758 510 u

276 629 396 708 Πότερα
410 627 552 709 γενέσθαι
566 632 639 707 δῆτα
652 633 874 714 χρησιμώτερον

275 728 402 793 συνετὸν
417 730 559 810 ότολμον,
574 728 593 810 ἢ
608 734 722 812 θρασύν
736 759 769 797 τε
785 736 908 815 κόμοθῆ.

275 830 376 911 τὸμὲν
390 835 448 913 γὰρ
463 833 559 896 αὐτῶν
573 835 688 909 σκαιόν,
706 836 774 900 ἀλλ’
791 839 942 918 ἀμύνεται,

275 932 308 995 τδ
324 934 351 997 δ’
366 934 512 1017 ἡσυχαῖον
527 937 631 1017 ἀργόν·
658 939 691 1000 ἐν
702 937 726 1001 δ’
743 940 856 1021 ἀμφοῖν
871 943 970 1008 νόσος.

719 1100 757 1147 12

230 1163 363 1221 Stobaeua
382 1182 485 1240 103.p.
501 1167 571 1240 562.

275 1258 400 1326 Πολλός
413 1261 444 1341 γ’
460 1262 476 1322 ό
492 1263 603 1340 δαίμων
617 1267 669 1327 τοῦ
682 1265 753 1342 βίον
766 1265 964 1344 μεταστάσεις

275 1363 383 1426 ἔδωκεν
397 1363 466 1442 ἡμῖν
479 1365 651 1444 μεταβολάς
664 1391 697 1429 τε
712 1370 762 1444 τῆς
776 1368 875 1450 τύχης.

230 1591 363 1652 Stobaeus
377 1594 495 1652 ibidem.
722 1529 758 1593 13

272 1687 359 1752 Ἀλλ’
376 1688 469 1770 ἡμέρα
483 1714 529 1752 τοι
541 1693 713 1768 μεταβολὰς
726 1695 843 1758 πολλδς
858 1692 932 1775 ἔχει.

722 1837 761 1897 ¹4

230 1903 365 1963 Stobaeua
381 1903 447 1960 108.
462 1921 491 1978 p.
505 1916 574 1977 579.

272 1999 484 2079 Ἐκμαρτνρεῖν
499 2000 557 2079 γὰρ
573 1999 667 2079 ἄνδρα
680 2003 733 2066 τδς
748 2001 839 2064 αὑτοῦ
852 2003 944 2084 τύχας

274 2103 314 2167 εἷς
328 2099 441 2166 πάντας
456 2101 576 2179 ἀμαθὲς,
593 2098 627 2162 τὸ
643 2097 667 2162 δ’
685 2101 916 2181 ἐπικρύπτεσθαι
930 2103 1039 2184 σοφόν.

228 2314 364 2374 Stobaeus
382 2331 446 2370 110.
458 2333 487 2389 p.
500 2313 569 2387 581.
722 2241 759 2308 15

271 2409 326 2473 Ἐκ
339 2415 398 2472 τῶν
413 2406 550 2472 ἀέλπτων
564 2407 582 2486 ἡ
596 2405 681 2490 χόρις
694 2409 800 2487 μείζων
814 2414 935 2490 βροτοῖς

273 2517 415 2594 φανεῖσα,
430 2515 549 2589 μᾶλλον
563 2507 581 2588 ἢ
596 2509 630 2572 τό
645 2512 903 2591 προσδοκώμενον.

228 2717 361 2777 Stobaeus
376 2717 477 2793 Eclog.
492 2715 576 2792 Phys.
592 2716 650 2773 vol.
663 2714 687 2772 I.
702 2630 811 2791 ρίῗομ

656 2807 737 2890 ’0ρῶ
751 2812 809 2891 γδρ
826 2811 859 2872 ἔν
872 2811 971 2895 χρόνῳ

272 2915 354 2993 δίκην
368 2909 473 2975 ἅπαντ’
490 2912 625 2992 ἄγουσαν
640 2913 681 2977 εἰς
697 2910 774 2992 φόος
787 2917 916 2992 βροτοῖς.

226 3126 401 3204 Hesychius,
410 3125 566 3198 Ἀνορθροςι
590 3124 690 3188 ότονος,
704 3055 823 3194 όίτίῖενὴς.
846 3126 984 3197 Εὐριπίδης
999 3125 1128 3181 Οἰδίποδι.

651 3395 816 3454 ΟΙΝΕΤΣ.

227 3521 389 3580 Scholiasta
411 3518 559 3594 Aristoph.
582 3518 709 3575 Acharn.
731 3535 800 3593 417.
834 3522 979 3590 Γέγραπται
998 3524 1036 3594 τῷ
1052 3519 1179 3591 Εὐριπίδῃ
1199 3520 1286 3593 δρᾶμα

185 3617 284 3675 Οἰνεύς.
305 3617 369 3686 μετὰ
383 3617 412 3670 δὲ
429 3616 475 3669 τὸν
488 3615 597 3670 θάνατον
607 3615 708 3670 Τυδέος
721 3616 762 3668 καὶ
775 3614 976 3684 ἐπιστράτευσιν
989 3613 1133 3684 Διομήδους
1150 3615 1214 3668 κατὰ
1230 3623 1283 3684 θη-

183 3716 265 3782 βαίων
284 3713 401 3785 ἀφῃρέθη
422 3712 469 3781 τὴν
487 3711 626 3776 βασιλείαν
640 3711 730 3766 Οίνεδς
747 3711 797 3764 ύπδ
816 3715 868 3763 τῶν
880 3708 986 3782 Ἀγρίου
1003 3709 1112 3773 παίδων,
1130 3710 1172 3763 καὶ
1184 3708 1286 3781 περιῄει

182 3811 310 3874 ταπεινός,
324 3808 400 3880 ἄχρις
413 3806 443 3861 οὗ
457 3807 604 3861 ἐπανελθὼν
617 3803 745 3874 Διομήδης
750 3802 860 3877 Ἀγριον
872 3804 919 3873 μὲν
932 3801 1029 3867 ἀνεῖλε,
1043 3803 1090 3871 τὴν
1103 3802 1243 3866 βασιλείαν
1256 3803 1285 3857 δὲ

184 3907 256 3962 Οἰνεῖ
267 3905 407 3976 παρέδωκε.

701 4056 703 4061 -
727 4039 738 4081 1

225 4126 388 4185 Scholiasta
402 4124 523 4181 Aristot.
538 4122 624 4180 Rhea.
637 4121 692 4188 ΙΙΙ,
703 4122 749 4178 16.

264 4219 309 4283 Ὦ
323 4223 377 4302 γῆς
390 4217 526 4302 πατρῴας
539 4222 627 4299 χαῖρε
641 4217 787 4298 φίλτατον
802 4215 894 4279 πέδον
