2850 4898
662 283 891 343 ΕΥΡΙΠΙΔΟΥ

313 450 476 532 στεγανούς
490 449 615 532 παρέχει
628 452 763 535 Χαλύβιρ
778 450 898 514 πελέκει

314 553 361 616 καὶ
375 552 539 638 ταυροδίτιρ
556 555 649 632 κόλλῃ
667 551 796 633 κραθεῖσ’

312 657 442 736 ἆτρεκεῖς
456 655 564 734 ἁρμούς
579 654 767 736 κιστόρισσος.

311 756 406 838 ἁγνὸν
421 759 453 819 δὲ
467 759 538 836 βίον
553 758 698 835 τείνομεν,
716 759 747 834 ἐξ
763 758 797 819 οὐ

313 859 386 925 Διὸς
398 857 507 922 Ἰδαίου
521 860 632 937 μύστης
646 861 785 939 γενόμην,

312 962 359 1024 καὶ
375 962 552 1024 νυκτιπόλου
568 960 706 1042 Ζαγρίως
719 964 825 1038 βιοτδς

311 1064 363 1130 τός
377 1063 401 1126 τ’
418 1064 596 1146 ὠμοφάγους
612 1069 712 1128 δαῖτας
726 1063 861 1136 τελέσας,

310 1168 398 1245 μητρί
410 1165 433 1227 τ’
450 1167 531 1250 ὀρείᾳ
546 1170 637 1248 δᾷδας
654 1167 806 1248 ἀνασχὼν,

312 1269 359 1330 καὶ
375 1267 532 1347 Κουρήτων

312 1370 428 1453 Βόκχος
442 1370 569 1449 ἐκλήθην
584 1372 727 1435 ὁσιωθείς.

310 1473 466 1535 πόλλευκα
481 1470 504 1535 δ’
521 1472 600 1554 ἔχων
616 1474 720 1550 εἵματα
734 1473 836 1553 φεύγω

311 1573 434 1656 γένεσίν
450 1599 483 1636 τε
497 1579 615 1655 βροτῶν
630 1575 677 1636 καὶ
693 1573 868 1654 νεκροθήκης

311 1678 345 1739 οὐ
360 1679 585 1758 χριμπτόμενος,
602 1676 655 1754 τήν
670 1674 694 1737 τ’
712 1678 858 1758 ἐμψύχων

310 1786 427 1861 βρῶσιν
443 1782 570 1842 ἐδεστῶν
584 1780 790 1860 πεφύλαγμαι.
1285 1801 1327 1845 20

226 1883 259 1938 V.
276 1901 364 1959 5-9.
386 1885 542 1942 Erotianus
556 1903 585 1958 p.
602 1883 649 1957 36.
672 1883 709 1940 V.
729 1901 774 1940 ιο.
790 1882 889 1940 Codex
904 1883 1023 1940 Monac.
1038 1886 1160 1956 βροντάς.

701 2136 846 2195 ΛΑΜΙΑ.

263 2254 426 2311 Scholiasta
445 2252 572 2311 Platonis
591 2272 619 2328 p.
635 2252 683 2308 61.
699 2251 817 2309 Ruhnk.
850 2255 963 2326 Δευτέρο
983 2254 1012 2308 δὲ
1029 2254 1171 2327 (Σίβυλλα)
1191 2253 1325 2320 Λίβυσσα,

222 2351 250 2420 ής
263 2353 362 2422 μνήμην
376 2353 518 2422 ἐποιήσατο
532 2353 560 2406 ἐν
572 2356 609 2425 τῷ
621 2354 667 2420 τῆς
678 2351 774 2420 Λαμίας
783 2354 908 2427 προλόγῳ
916 2353 1062 2425 Εὐριπίδης.
1088 2352 1259 2408 Lactantius
1274 2351 1325 2408 In·

217 2450 280 2505 -ςῑίῑ,
297 2450 355 2507 div.
371 2450 394 2516 Ι,
409 2449 437 2506 6.
454 2449 503 2524 qui
519 2467 552 2505 ex
568 2448 671 2505 eodem
686 2447 768 2505 fonte
782 2447 896 2505 hausit:
920 2449 1070 2507 διανύσαι
1087 2448 1256 2525 (Sibyllam)
1273 2449 1327 2505 Li-

222 2547 337 2622 δρςςαυι,
353 2548 429 2620 cnjus
442 2546 559 2602 meminit
573 2545 723 2618 Euripides
738 2545 764 2600 ἰν
778 2546 882 2601 Lamioe
889 2547 1016 2622 ρνοίορο.
1044 2547 1091 2603 Ad
1106 2546 1181 2604 hanc
1194 2546 1324 2604 fabulam

224 2643 355 2700 referunt
370 2645 447 2718 quod
464 2644 583 2700 Diodor.
598 2641 658 2700 sic.
674 2662 708 2698 ex
728 2643 866 2718 Euripide
881 2645 953 2701 citat
971 2644 1038 2710 XX,
1055 2662 1103 2717 41.
1128 2643 1190 2698 ὀτι
1210 2646 1238 2699 δὲ
1260 2647 1326 2700 κατὰ

223 2742 270 2810 τήν
284 2740 381 2810 Λιβύην
394 2744 500 2814 γέγονεν
512 2740 575 2809 αὐτη
592 2741 619 2811 (ἡ
634 2743 730 2814 Λάμια)
747 2744 788 2795 καὶ
802 2744 848 2795 τὸν
869 2743 1009 2815 Εὐριπίδην
1029 2743 1110 2813 δείξαι
1128 2764 1167 2798 τις
1181 2738 1212 2794 δν
1225 2764 1324 2814 μαρτυ·

223 2841 327 2909 ροῦντσ.
349 2841 421 2910 λέγει
434 2839 485 2910 γὰρ

309 2935 362 2998 Τίς
376 2933 505 3010 τούνομα
519 2931 553 2994 τὸ
570 2934 773 2996 ἐπονείδιστον
786 2939 906 3014 βροτοῖς

309 3036 361 3097 οὐκ
376 3033 437 3097 οἶδε
452 3036 567 3111 Λαμίας
582 3037 632 3110 τῆς
647 3037 826 3111 Λιβυστικῆς
840 3032 946 3114 γίνος;

646 3271 892 3330 ΛΙΚΎΜΝΙΟΣ.

263 3390 362 3449 Schol.
384 3390 532 3464 Aristoph.
554 3391 607 3446 Av.
630 3407 713 3462 1242.
745 3391 890 3459 Λικυμνίαις
910 3395 1021 3455 βολαίςε
1044 3395 1059 3445 ό
1084 3395 1131 3463 μὲν
1154 3397 1325 3466 Καλλίμαχος

222 3493 332 3563 γράφων
346 3486 436 3544 οὕτως’
460 3488 606 3557 Λικυμνίαις
618 3491 721 3554 βολαῖς,
737 3489 814 3558 φησὶ,
831 3485 924 3557 ταύτης
937 3491 983 3557 τῆς
996 3490 1164 3548 διδασκαλίας
1178 3492 1208 3546 οὔ
1224 3494 1323 3561 μέμνῃ.

221 3611 271 3644 ται.
294 3589 321 3642 ίν
334 3587 362 3641 δι’
377 3586 452 3642 ε’νίοις
465 3591 517 3640 τῶν
532 3589 664 3657 σχολικῶν
677 3585 864 3654 ὑπομνημάτων
877 3588 951 3640 ταυτί
963 3587 1115 3660 γέγραπται·
1137 3587 1201 3646 Ιίσως
1215 3591 1230 3641 ό
1243 3587 1322 3643 Λικύ-

219 3707 293 3755 μνιος
312 3683 447 3755 ε’νεπύρισε
468 3689 544 3737 τινῶν
563 3684 651 3740 οἰκίας.
682 3684 709 3737 ἐν
729 3685 783 3738 τοίς
806 3683 1033 3755 ἐπιγεγραμμένους
1045 3685 1224 3740 ’Λπολλωνίου
1240 3690 1323 3742 ταῦτα

219 3785 372 3856 γέγραπται,
387 3781 428 3836 ὅτι
441 3783 601 3854 ἡμίφλεκτόν
614 3804 671 3835 τινα
690 3781 789 3852 είσόγει
810 3780 847 3835 εἷς
864 3783 968 3834 τοιοῦτό
988 3804 1014 3835 τι
1035 3784 1252 3855 κεκερουνωμένον
1269 3784 1324 3839 ἀπὸ

220 3884 265 3949 τῆς
276 3881 455 3952 περιστάσεως
469 3881 572 3948 ε’κείνης.
595 3877 666 3948 εἴηδ’
680 3875 711 3932 ἂν
725 3881 772 3931 τοῦ
786 3879 927 3950 Εὐριπίδου
939 3883 1096 3950 μεμνημένος
1108 3882 1221 3955 ἄγγε’λου
1232 3886 1279 3937 τοῦ
1294 3884 1323 3938 ἐν

219 3982 256 4052 τῷ
269 3979 404 4052 Λικυμνίῳ.
427 3979 499 4049 λε’γει
512 3979 563 4049 γὰρ
578 3977 619 4030 ε’πί
633 3978 756 4044 τελευτῆς
769 3977 871 4031 ἐκεῖνος.
897 3977 924 4030 ἐν
939 3977 1066 4052 Λικυμνίῳ
1080 3979 1108 4033 δὲ
1122 3980 1232 4051 δράματι
1242 3981 1321 4053 Εὐρι-

218 4076 295 4130 πίδου
310 4075 419 4145 εἰσήχθη
432 4097 472 4132 τις
486 4073 760 4148 κεραυνοβολσύμενος.
783 4072 957 4147 Hesychius,
975 4077 1119 4145 Λικυμνίαις
1135 4080 1246 4143 βολαίςι
1268 4082 1323 4133 τῶν

218 4175 246 4228 ἐν
259 4176 296 4249 τῷ
308 4173 448 4245 Εὐριπίδου
463 4173 590 4246 Λικυμνίῳ
603 4169 756 4241 μνημονεύοι
769 4168 800 4225 δν
813 4169 887 4227 ἴσως.
908 4176 1073 4244 κεραυνοῦται
1089 4175 1140 4247 γδρ
1153 4176 1169 4244 ἡ
1183 4180 1243 4232 ναῦς
1257 4179 1323 4230 κατὰ

216 4273 263 4325 τὸν
276 4271 327 4325 ε’κεί
339 4272 431 4341 λόγον,
446 4271 495 4340 οὐχ
509 4270 542 4326 ῶς
556 4271 693 4323 αὐτοῦτοῦ
708 4268 845 4338 Λικυμνίου
858 4270 904 4336 τῆς
919 4271 1033 4328 Φωκίδος
1047 4275 1264 4343 κατεσκεμμίναυ,
