2850 4898
553 301 901 362 ΑΠΟΣΠΑΣΜΑΤΙΑ.

727 494 737 536 1

212 577 385 635 Plutarchus
398 577 505 635 Moral.
520 597 550 653 p.
569 594 606 650 24
620 577 648 634 d.
701 490 718 554 7

255 675 293 735 lli
307 674 340 735 δὲ
356 678 458 736 θανεῖν
473 672 563 752 θέμις,
580 675 636 736 ὦδε
652 678 754 737 θανεῖν
770 673 864 738 καλὸν

255 776 296 839 είς
310 774 418 856 ἀρετὴν
433 774 693 854 καταλυσαμένους
708 776 791 853 βίον.

167 894 313 970 Euripidis
332 915 432 954 versus
451 915 514 954 esse
538 896 711 975 intelligitur
735 916 770 954 ex
793 897 884 975 ejusd.
899 896 961 955 Vit.
977 916 1005 973 p.
1021 911 1079 972 317
1099 916 1126 956 e.
1142 898 1270 972 Ἀριστον

166 992 277 1066 μὲνγὰρ
291 999 398 1049 νικῶντα
416 995 545 1062 σώζεσθαι
563 996 610 1049 τὸν
628 996 777 1067 στρατηγὸν
790 995 831 1049 καί
847 994 985 1050 ἀποθανεῖν
1002 996 1039 1053 είς
1051 995 1144 1069 ἅρσην
1157 996 1267 1052 καταλί-

167 1111 252 1144 σαντα
264 1091 334 1156 βίον,
349 1092 384 1149 ὣς
397 1092 536 1165 Εὐριπίδης
550 1092 643 1163 φησίν.

717 1245 736 1291 2

206 1330 377 1388 Plutarchus
391 1331 451 1388 Vit.
466 1351 494 1408 p.
506 1332 564 1408 695
581 1351 606 1390 c.
627 1245 733 1389 Morhl.
748 1351 776 1408 p.
794 1331 868 1388 1128
884 1351 911 1390 α.
935 1332 1038 1390 Cicero
1052 1331 1145 1409 Epist.
1162 1335 1265 1395 Fumil.

165 1427 249 1492 XIII,
268 1447 314 1505 15.

252 1528 342 1586 Μισῶ
357 1524 507 1606 σοφιστὴν
521 1525 604 1592 ὅστις
618 1525 675 1608 οὐχ
690 1526 766 1609 αὐτῷ
782 1526 887 1606 σοφός.

165 1643 226 1701 Cic.
241 1644 296 1720 Ep.
310 1644 390 1703 Fam.
406 1645 476 1711 Vll,
492 1646 520 1704 6.
546 1646 677 1710 Quonim
690 1646 818 1703 Medeam
831 1666 914 1722 apere
926 1647 1000 1722 coepi,
1012 1647 1083 1704 illud
1093 1667 1198 1724 semper
1210 1670 1265 1708 me-

164 1749 251 1798 mento
260 1764 270 1795 .·
296 1741 350 1804 Qua·
363 1742 420 1816 ipse
428 1743 481 1799 sibi
493 1743 600 1817 sapiens
608 1744 740 1818 prodesse
753 1763 804 1801 non
818 1745 885 1820 quit,
896 1746 1072 1821 nequidquam
1085 1746 1166 1820 sapit.
1177 1765 1266 1822 quem

164 1858 281 1897 versum
295 1839 372 1898 idem
389 1840 485 1897 Ennio
500 1840 602 1898 tribuit
615 1841 698 1898 Offic.
714 1840 770 1899 Ill.
791 1857 836 1917 15,
851 1841 899 1898 62.

204 2081 375 2138 Plutarchus
389 2079 450 2137 Vit.
466 2099 495 2156 p.
511 2079 571 2154 956
587 2099 612 2136 e.
636 1990 898 2153 Οθδίίίηεγανυμίνος
916 2083 956 2135 καί
971 2080 1081 2154 ἀνθηρὸς
1099 2082 1142 2137 ἐπὶ
1155 2082 1202 2139 τὰς
1214 2085 1264 2153 μά.

162 2203 211 2253 χας
225 2181 252 2234 ἐκ
266 2182 311 2249 τῆς
324 2178 532 2251 γυναικωνίτιδος
544 2176 646 2251 προῄει,
661 2179 778 2249 κοιμίζων
798 2178 827 2232 δὲ
848 2178 909 2234 τοὺς
925 2177 1033 2236 θιάσους
1051 2181 1092 2234 καὶ
1110 2179 1143 2234 τὰ
1155 2182 1265 2250 βακχεῖα

162 2277 323 2343 καταπαύων,
340 2286 359 2307 “
375 2277 525 2348 ἀμφίπολος
532 2275 626 2349 'Apsos
639 2275 756 2350 ἀνιέρου”
771 2276 835 2330 κατὰ
847 2277 893 2330 τὸν
907 2277 1049 2349 Εὐριπίδην
1061 2278 1170 2351 ἐγίνετο.

202 2517 372 2575 Plutarchus
386 2517 448 2573 vit.
462 2536 491 2592 p.
506 2515 562 2588 184
573 2517 600 2574 b.
623 2517 662 2571 οὐ
675 2427 754 2588 μίνίυ
767 2515 790 2571 δ’
804 2515 835 2586 ἦν
848 2517 898 2591 ἄρα
910 2519 942 2570 τὸ
956 2517 1044 2588 φίλων
1055 2520 1147 2591 πεῖραν
1160 2519 1262 2584 λαβεῖν,

162 2617 197 2673 ὥς
210 2616 349 2687 Εὐριπίδης
362 2617 455 2687 φησὶν,
470 2615 501 2668 οὔ
514 2616 624 2686 σμικρὸν
638 2617 722 2680 κακὸν,
734 2615 803 2669 ἀλλὰ
817 2617 858 2669 καί
871 2616 901 2670 τὸ
915 2615 1050 2687 φρονίμων
1063 2620 1226 2690 στρατηγῶν.

204 2849 376 2906 Plutarchus
390 2847 496 2905 Moral.
511 2866 540 2923 p.
554 2864 591 2902 20
605 2845 627 2904 f.
648 2864 685 2920 43
693 2759 752 2903 ί5α.
775 2843 909 2902 Stobaeus
923 2863 951 2919 3.
966 2864 996 2920 p.
1013 2861 1061 2920 35.

248 2949 404 3007 Πολλοῖσι
416 2948 545 3024 μορφαῖς
559 2945 588 3005 οἱ
603 2943 665 3005 θεοὶ
677 2939 873 3023 σοφισμθτιυν

248 3044 442 3126 σφάλλουσιν
456 3045 530 3123 ἡμᾶς
546 3045 719 3125 κρείσσονες
732 3043 905 3122 πεφυκότες.

715 3189 734 3250 6

200 3294 372 3352 Plutarchus
385 3292 491 3349 Morul.
506 3312 534 3368 p.
550 3309 589 3365 34
603 3291 630 3348 b.
657 3202 713 3347 roh
728 3291 755 3348 d.
778 3290 916 3348 Clemens
934 3291 1016 3348 Alex.
1035 3290 1144 3349 Strom.
1161 3291 1212 3348 IV.
1228 3310 1259 3367 p.

158 3409 219 3468 494
233 3393 262 3449 b.
284 3391 366 3448 Philo
380 3390 447 3447 Jud.
462 3410 492 3466 p.
510 3389 578 3446 808.
601 3387 704 3445 Cicero
719 3388 755 3446 ud
769 3389 830 3446 Att.
847 3387 900 3455 IX,
919 3406 944 3445 ο.

244 3489 298 3555 Τίς
312 3486 336 3550 δ’
353 3487 418 3550 ἐστὶ
433 3487 538 3550 δοῦλος
552 3485 605 3546 τοιῖ
619 3488 721 3546 θανεῖν
736 3485 877 3565 ἄφροντις
894 3485 957 3555 ὤν;

197 3735 368 3794 Plutarchus
382 3732 488 3790 Morul.
498 3751 527 3807 p.
544 3731 583 3805 36
598 3751 624 3788 c.
646 3640 728 3803 raph-l
740 3732 764 3788 r’
776 3732 927 3798 ἀντέτασθε,
942 3731 1049 3807 πλούτῳ
1070 3731 1093 3788 8
1107 3732 1200 3806 ιῖρετῖιν
1213 3753 1258 3785 κα-

157 3835 335 3909 τεργάσασθαι
350 3829 451 3898 δοκεῖτ’,
466 3831 493 3885 ἐν
506 3830 612 3887 ε’σθλυῖς
626 3831 655 3884 δὲ
665 3829 806 3900 καθήσεσθ’
818 3831 936 3898 ἄνολβοι.

710 3981 728 4042 8

198 4089 372 4148 Plutarchus
386 4087 493 4145 Morul.
509 4106 537 4163 p.
558 4103 611 4142 102
628 4085 656 4142 b.
672 3995 717 4158 (Ξῖ
726 4104 754 4141 v.
769 4103 795 4141 2.
808 4102 875 4160 3.p.
887 4083 928 4158 69
943 4082 984 4154 d.)
1001 4082 1072 4137 Κατὰ
1084 4082 1136 4154 γὰρ
1149 4083 1196 4136 τὸν
1208 4103 1256 4136 σο-

155 4193 208 4263 φὸν
224 4188 365 4262 Εὐριπίδην

240 4279 327 4347 Ἀλλ’
344 4279 412 4345 ἄλλ’
430 4277 474 4342 ἔπ’
491 4279 570 4356 ἄλλη
585 4275 743 4358 φάρμακον
758 4281 850 4340 κεῖται
862 4278 951 4360 νόσῳ·
