2850 4898
495 297 838 358 ΑΠΟΣΠΑΣΜΑΤῙΑ.

651 491 689 555 18

157 578 291 638 Stobaeua
308 597 356 656 29.
372 600 402 659 p.
420 599 487 638 τοο.

201 676 265 740 Οὐκ
279 676 407 759 αἰσχρὸν
422 675 508 740 οὐδὲν
523 678 582 738 τῶν
597 675 766 756 ἀναγκαίων
783 677 912 755 βροτοῖς.

650 838 663 880 1

156 921 291 981 Stobaeus
305 921 353 996 38.
368 942 399 999 p.
417 939 485 997 234.
506 837 688 998 Αροοςοὶίιιο9
690 922 743 989 IV,
760 921 789 982 8.

196 1015 296 1084 Ἀπας
307 1018 363 1096 μὲν
379 1017 434 1098 ἀὴρ
450 1019 537 1103 αἰετῷ
552 1016 724 1097 περόσιμος,

201 1114 306 1182 ἅπασα
321 1119 353 1180 δὲ
367 1118 451 1200 χθων
465 1118 550 1199 ἀνδρὶ
565 1119 694 1202 γενναίῳ
708 1119 821 1199 πατρίς.

648 1278 688 1324 20

157 1347 291 1407 Stobaeus
301 1365 353 1420 41.
364 1367 394 1424 p.
410 1365 477 1420 240.

155 1444 159 1453 ’
202 1443 296 1523 Δεινὴ
310 1445 397 1511 πόλις
411 1440 533 1507 νοσοῦσ’
549 1443 735 1525 ἀνευρίσκειν
750 1444 835 1509 κακό.

158 1666 292 1726 Stobaeus
305 1667 425 1726 ibidem.
648 1598 685 1644 Μ

203 1763 267 1828 Οὐκ
283 1763 365 1827 ἔστιν
380 1763 467 1827 οὐδὲν
481 1768 540 1827 τῖον
555 1766 589 1827 ἑν
604 1765 769 1846 ἀνθρώποις
782 1765 862 1827 ἴσον·

202 1869 279 1949 χρῆν
293 1868 351 1947 γὰρ
365 1867 457 1949 τόχας
469 1867 526 1946 μὲν
539 1868 591 1933 τὰς
604 1865 700 1946 μάτην
714 1864 910 1944 πλανωμένας

202 1970 294 2048 μηδὲν
309 1969 462 2042 δύνασθαι,
479 1969 618 2050 τᾶμφανῆ
633 1966 657 2031 δ’
673 1965 766 2050 ὖψόλ’
782 1967 879 2050 ἄγειν.

203 2071 285 2136 ὅστις
301 2068 361 2133 κατ’
378 2071 467 2154 ἰσχὺν
481 2077 594 2152 πρῶτος
609 2069 774 2149 ὠνομάζετο

202 2170 220 2253 ἢ
235 2173 307 2251 τόξα
321 2173 446 2237 πόλλων
460 2170 478 2252 ἢ
492 2173 574 2256 μάχῃ
589 2172 675 2256 δορὸς
689 2171 818 2251 σθένων,

202 2279 308 2339 τοῦτον
323 2282 477 2357 τυραννεῖν
492 2282 551 2340 τῶν
566 2278 709 2340 κακιόνων
724 2277 825 2359 ἐχρῆν.

159 2503 294 2564 Stoboeus
308 2504 426 2563 ibidem.
649 2435 690 2482 Μ

203 2597 291 2663 Ἀλλ’
307 2598 406 2663 οὔποτ’
423 2600 509 2668 αὐτὸς
523 2601 686 2680 ἀμπλακὼν
700 2600 798 2664 ἄλλον
811 2597 924 2680 βροτὸν

204 2700 413 2784 παραινέσαιμ’
428 2700 466 2765 ἂν
479 2702 566 2766 παισῖ
580 2706 755 2782 προσθεῖναι
773 2700 873 2783 κράτη,

199 2806 270 2888 πρὶν
284 2804 321 2868 ἂν
337 2803 398 2868 κατ’
415 2807 516 2869 ὄσσων
531 2802 664 2887 τνγχόνῃ
678 2803 772 2883 μέλας
787 2805 901 2877 σκότος,

205 2910 232 2972 εί
244 2907 302 2991 χρὴ
318 2911 448 2971 διελθεῖν
461 2907 535 2989 πρὸς
549 2906 660 2970 τέκνων
676 2907 846 2984 νικώμενον.

650 3061 688 3129 23

159 3131 294 3192 Stobaeus
308 3151 357 3207 42.
371 3152 399 3209 p.
417 3133 485 3208 276.

674 3224 843 3309 Ἀρχεσθαι
859 3225 957 3308 χρεῖον

208 3331 312 3397 κακοὺς
325 3328 372 3394 ὑπ’
389 3333 507 3394 ἐσθλῶν
523 3329 570 3392 καῖ
585 3331 685 3393 κλόειν
699 3335 759 3393 τῶν
774 3328 966 3410 κρεισσόνων.

651 3482 693 3544 24

161 3570 295 3629 Stobaeus
309 3587 359 3643 44.
374 3589 403 3646 p.
420 3584 488 3644 307.
514 3568 684 3645 Apostolius
698 3568 737 3635 X,
752 3586 802 3642 94.

204 3662 285 3747 Ἐγὼ
300 3667 359 3748 γὰρ
373 3666 455 3731 ὅστις
467 3664 508 3744 μὴ
523 3665 632 3730 δίκαιος
646 3662 688 3726 ὢν
702 3662 777 3744 ἀνὴρ

205 3766 311 3845 βωμὸν
325 3767 467 3848 προσίζει,
483 3765 536 3828 τὸν
551 3765 644 3844 νόμον
657 3766 774 3847 χαίρειν
790 3766 847 3827 ἑῶν

206 3870 280 3952 πρὸς
294 3870 348 3949 τὴν
363 3871 445 3949 δίκην
459 3866 556 3952 ἄγοιμ’
573 3867 620 3941 ἃν,
637 3868 672 3931 οὐ
686 3866 794 3949 τρέσας
809 3868 902 3934 θεούς·

207 3972 299 4037 κακὸν
313 3975 371 4054 γῖιρ
386 3972 479 4054 ἄνδρα
492 3970 550 4054 χρὴ
567 3976 659 4037 κακῶς
673 3969 821 4051 πρόσσειν
837 3970 893 4033 όεί.

651 4131 691 4196 25

164 4201 298 4262 Stobaeus
312 4202 361 4275 46.
377 4221 406 4278 p.
422 4219 458 4276 32
463 4216 491 4276 5.

207 4296 293 4362 Ἀλλ’
310 4297 345 4361 οὐ
359 4296 465 4380 πρίπει
477 4298 633 4379 τύραννον,
650 4296 688 4362 ὣς
703 4295 761 4376 ἐγὼ
776 4299 888 4374 φρονῶ,
