2850 4898
209 277 293 342 1010
682 277 838 342 NOTAE.

207 458 310 532 potest
327 467 360 531 p.
375 461 449 530 295,
464 443 495 508 8.
517 446 695 509 Neonataa:
719 446 773 524 τὴν
788 446 914 525 νεότητα
927 445 1180 527 τεπραονλλύβος
1197 448 1229 510 οἱ
1241 443 1315 509 ‘Ar-

207 550 292 612 πικού.
331 547 536 627 Βαβυλωνίοις
552 559 572 580 “
583 544 629 610 Ὠ
644 552 713 622 Ζεῦ,
729 547 763 612 τὸ
783 552 883 632 χρῆμα
901 551 952 628 τῆς
972 550 1112 617 νεολαίας
1130 549 1169 615 ὣς
1188 547 1315 613 rabdo?

208 650 272 720 Qui
288 649 347 716 nisi
361 650 559 715 dinumerare
574 650 708 738 syllabas
723 650 890 716 lectoribus
905 650 1015 733 voluit,
1028 650 1070 716 ad
1085 649 1239 714 diversam
1255 672 1315 715 ne·

208 774 292 816 cesse
306 767 353 817 est
368 753 500 818 formam
515 753 713 840 spectaverit,
729 776 803 840 quae
817 775 881 817 non
895 767 975 817 esset
988 750 1232 840 quadrisyllabo.
1262 752 1317 815 Ea

208 870 313 921 autem
328 857 401 936 fuit,
416 855 539 943 opinor,
555 878 649 943 quam
669 855 817 943 Euripidi
836 855 958 920 restitui
980 857 1100 934 νολαία,
1114 876 1188 942 quoe
1201 852 1315 918 eadem

208 973 255 1025 est
265 959 409 1047 analogia
419 960 554 1025 formata
563 974 659 1045 atque
671 959 782 1028 νοσσὸς
793 981 852 1046 pro
861 958 999 1036 νεοσσὸς,
1011 981 1077 1046 quo
1091 957 1184 1022 etiam
1191 971 1316 1022 veteres

209 1062 336 1126 Atticos
357 1061 516 1127 interdum
539 1085 612 1126 usos
633 1085 700 1126 esse
718 1076 849 1126 constat.
894 1062 978 1126 Nam
993 1061 1139 1125 Nooodo:
1155 1061 1247 1144 χωρὶς
1260 1065 1317 1124 τού

210 1189 235 1229 ε.
260 1167 414 1248 Αἰσχύλος
436 1166 573 1248 Κήρυξιν,
596 1166 700 1253 inquit
721 1164 937 1230 Antiatticista
956 1186 987 1252 p.
1001 1183 1075 1249 109,
1092 1182 1142 1230 αα.
1164 1175 1196 1226 et
1211 1165 1316 1228 νοπίο

210 1267 417 1355 Aristophani
432 1269 464 1331 in
479 1268 607 1333 Avibus
623 1291 650 1330 v.
666 1284 741 1352 550.
758 1269 848 1353 (547.
866 1269 937 1353 Bt.)
954 1265 1077 1331 dudum
1091 1264 1214 1331 restitui

382 1371 420 1435 τά
433 1397 467 1435 πε
480 1373 581 1435 νοπτία
596 1371 744 1451 κάμαυτὸν
758 1370 879 1450 οἰκήσω.

209 1473 260 1537 cui
274 1473 377 1537 versui
388 1473 470 1538 idem
482 1473 548 1537 fere
562 1472 650 1559 quod
665 1472 842 1560 Euripideo
852 1471 1016 1550 acciderat,
1029 1487 1077 1551 ut,
1086 1484 1207 1536 servata
1218 1469 1315 1535 libro-

211 1598 280 1639 rum
304 1575 457 1662 scriptura
479 1577 607 1652 νεοττία,
623 1574 782 1640 deleretur
802 1602 847 1654 τε,
863 1574 948 1662 quod
969 1596 1038 1639 eam
1059 1587 1091 1638 et
1105 1573 1146 1637 ab
1160 1571 1317 1637 sententia

210 1677 378 1742 verborum
393 1692 425 1741 et
437 1677 478 1741 ab
493 1677 677 1742 auctoritate
692 1678 835 1743 codicum
851 1677 1151 1743 commendationem
1166 1675 1262 1739 habet
1276 1690 1316 1740 ut

210 1779 295 1866 rejici
321 1779 378 1843 nisi
403 1795 520 1844 temere
546 1792 693 1866 nequeat.
738 1780 846 1844 Etiam
872 1780 925 1845 τὸν
948 1780 1071 1845 νεοττὸν
1090 1779 1123 1843 in
1142 1777 1315 1842 Menandri

210 1904 301 1946 versu
319 1881 500 1946 Meinekius
514 1904 547 1968 p.
561 1903 610 1966 19.
627 1881 660 1946 in
674 1882 728 1947 τὸν
743 1883 847 1947 νοπτὸν
862 1897 985 1970 poterat
1000 1894 1131 1946 mutare.
1164 1881 1246 1944 Nam
1263 1902 1315 1966 sy-

211 1983 413 2071 necphonesis
434 1984 600 2065 vocalium,
621 2008 718 2071 quam
740 1985 870 2049 fortasse
890 1998 984 2050 erunt
1003 1984 1059 2070 qui
1078 1981 1220 2048 adhiberi
1240 1981 1313 2045 vul·

209 2102 293 2173 gatae
313 2087 475 2175 scripturae
493 2086 601 2166 velint,
617 2087 657 2152 ab
676 2087 864 2152 comicorum
886 2110 944 2151 usu
970 2086 1127 2160 abhorret,
1143 2107 1199 2150 neo
1218 2082 1315 2170 quid·

209 2212 305 2275 quam
322 2188 475 2276 proficias,
491 2189 516 2254 si
529 2190 698 2255 verissimae
712 2190 787 2255 huic
801 2189 1009 2255 observationi
1020 2187 1161 2255 Elmoleii
1172 2183 1315 2271 (ad'Me-

210 2290 300 2355 deam
317 2315 347 2379 p.
366 2296 453 2378 253.)
470 2305 526 2357 aut
541 2293 705 2357 manifesta
725 2291 871 2379 quaedam
895 2306 1023 2380 peccata
1042 2290 1238 2356 librariorum
1254 2311 1313 2376 op-

211 2417 309 2480 ponas
331 2410 387 2459 aut
412 2396 607 2482 conjecturas
631 2395 820 2461 criticorum.
867 2395 929 2473 Qui
956 2394 1013 2461 soli
1033 2393 1140 2480 aliqua
1159 2414 1231 2457 cum
1248 2391 1314 2455 reri

210 2496 313 2583 specie
326 2497 430 2561 afferri
446 2498 564 2584 possint
576 2498 634 2563 loci
647 2499 868 2586 Aristophanis
883 2498 915 2562 in
933 2498 1043 2586 Vespis
1052 2521 1083 2563 v.
1098 2499 1190 2578 1067.
1205 2497 1313 2579 1069„

211 2599 267 2663 ubi
282 2601 420 2679 νεανικὴν
435 2616 466 2664 et
481 2608 606 2664 νεανιῶν
621 2600 781 2688 trisyllaba
796 2613 880 2678 suut,
895 2602 927 2664 in
947 2600 996 2665 his
1016 2613 1183 2664 contractae
1202 2597 1315 2661 formae

212 2716 286 2765 sunt
298 2701 498 2766 restituendae
513 2703 636 2782 νανιιήν
649 2718 680 2769 et
697 2710 816 2783 νανιῶν,
832 2727 904 2791 quae
923 2703 1066 2791 quamvis
1079 2702 1120 2767 ab
1134 2699 1315 2789 grammati-

211 2804 267 2884 cis,
282 2804 368 2891 quod
383 2804 488 2882 sciam,
504 2827 566 2868 non
589 2804 703 2869 diserte
718 2819 886 2885 annotatas,
903 2828 965 2871 non
986 2804 1190 2893 spernendam
1206 2817 1315 2868 aucto-

213 2907 336 2972 ritatem
351 2907 391 2971 ab
407 2911 487 2987 νῆνις
500 2920 532 2971 et
546 2911 582 2986 νῆ
594 2906 740 2972 videntur
754 2906 880 2985 habere,
890 2931 969 2996 quas
979 2931 1018 2972 ex
1029 2904 1203 2972 Herodiani
1218 2904 1313 2992 scrip-

212 3011 253 3075 tis
266 3010 481 3098 cognovimus.
528 3010 618 3074 Pacis
634 3024 739 3076 autem
755 3009 858 3074 versui
876 3013 951 3095 906.
965 3009 1050 3098 quod
1069 3032 1109 3074 ex
1126 3007 1214 3073 libris
1235 3006 1311 3071 anti·
1405 3087 1411 3100 '

212 3113 285 3200 quis
298 3111 477 3177 restitutum
494 3126 540 3176 est

386 3213 470 3279 θέασ’
485 3214 524 3282 ὣς
537 3216 691 3296 προθύμως
704 3217 721 3278 ὀ
736 3216 876 3296 πρύτανις
889 3215 1081 3297 παρεδέξατο,

212 3318 244 3383 in
268 3318 444 3383 recentibus
464 3316 623 3382 codicibus
644 3317 677 3380 in
697 3316 733 3382 ἴδ’
749 3319 787 3384 ὡς
806 3330 975 3393 mutatum,
993 3316 1109 3382 indicio
1128 3332 1176 3382 est
1188 3315 1315 3382 Atticos

211 3421 305 3486 etiam
329 3420 446 3485 Dorica
464 3421 566 3484 forma
586 3426 677 3485 θᾶσαι
697 3419 855 3484 interdum
873 3444 938 3485 esse
957 3443 1040 3500 usos,
1055 3420 1245 3486 restituenda
1261 3418 1316 3484 illa

214 3523 612 3612 Thesmophoriazusarum
625 3547 753 3610 quoque
764 3523 867 3587 versui
879 3525 952 3589 280.
977 3525 1083 3589 Sciens
1092 3537 1243 3612 praetereo
1253 3521 1316 3587 alia

214 3625 364 3690 nonnulla
379 3624 552 3714 synizeseos
566 3623 720 3711 exempla,
730 3647 803 3710 quae
817 3624 885 3711 ipsa
899 3647 1026 3711 quoqne
1040 3623 1190 3711 ignoratis
1204 3621 1316 3710 exqui-

212 3728 371 3794 sitioribus
395 3727 582 3814 quibusdam
610 3726 833 3792 vocabulorum
859 3728 967 3793 formis
992 3727 1154 3792 debemus.
1197 3727 1315 3813 Cujus-

212 3832 296 3898 modi
312 3845 386 3897 sunt
400 3833 510 3897 format
524 3830 746 3918 monosyllabas
760 3830 784 3896 ὦ
799 3847 830 3896 et
844 3829 864 3895 ἆ
877 3854 936 3918 pro
951 3833 989 3896 ἐῶ
1004 3844 1037 3896 et
1052 3833 1096 3896 ἔα.

558 4017 957 4096 HERACLIDARUM

213 4135 253 4197 V.
272 4154 323 4200 21.
347 4135 528 4220 Legebatur
549 4136 640 4197 πόλιν
662 4139 812 4215 προπιρῶν
830 4133 942 4216 Ἀργος
963 4133 998 4197 ού
1021 4135 1148 4215 σμικρὸν
1170 4133 1270 4215 φίλων
1288 4131 1294 4220 Ι

212 4238 324 4321 ἔχθραν
338 4262 374 4319 γε
389 4237 496 4301 θέσθαι
510 4236 645 4318 (Aldina
660 4236 830 4321 γενέσθαι).
875 4235 999 4315 Quibus
1015 4249 1167 4323 quattuor
1181 4258 1253 4323 quae
1266 4236 1314 4299 in-
