2844 4882
499 307 844 369 ΑΠΟΣΠΑΣΜΑΤΙΑ.

208 481 325 560 πρῶτον
340 477 452 560 φρένας
466 479 522 556 μὲν
536 478 639 555 ἠπίους
654 477 736 559 ἔχειν
752 478 859 559 χρεῶν·

208 584 248 666 τῷ
262 582 396 666 πλουσίῳ
410 605 443 643 τε
457 580 497 659 μὴ
512 579 607 645 διδοὺς
620 585 720 658 μεῖζον
735 577 824 659 μέρος

209 686 277 747 ἴσον
291 682 419 746 σεαυτόν
434 683 574 762 εὐσεβεῖν
587 687 680 745 πᾶσιν
695 683 784 745 δίδου.

208 790 290 849 δυοῖν
304 787 465 866 παρόντοιν
478 784 663 866 πραγμάτοιν
678 784 751 865 πρὸς
765 783 890 864 θάτερον

208 891 328 970 γνώμην
342 888 522 970 προσάπτων
536 889 591 966 τὴν
606 889 746 951 έναντίαν
760 888 851 965 μίσει.

209 993 313 1057 ἀδίκως
327 993 359 1055 δὲ
374 991 413 1070 μὴ
429 997 484 1054 κτῶ
500 988 629 1070 κτήματ’,
644 987 681 1068 ἣν
695 991 793 1069 βούλῃ
808 990 905 1053 πολὺν

208 1096 320 1177 χρόνον
334 1093 493 1175 μελάθροις
509 1092 655 1172 έμμένειν·
679 1096 716 1155 τά
731 1096 789 1173 γὰρ
806 1098 898 1158 κακῶς

209 1201 305 1266 οίκους
321 1195 475 1262 ἐσελθόντ’
492 1197 544 1260 οὐκ
560 1196 623 1279 ἔχει
639 1197 796 1276 σωτηρίαν.

209 1300 291 1383 ἔχειν
307 1302 339 1363 δὲ
354 1304 453 1381 πειρῶ·
478 1302 563 1362 τοῦτο
579 1301 637 1379 γάρ
652 1296 685 1361 τό
701 1299 726 1360 τ’
742 1297 862 1380 εὐγενὲς

211 1403 338 1469 καὶτοὺς
355 1401 466 1484 γάμους
480 1402 582 1464 δίδωσι
597 1401 665 1467 τοὺς
678 1402 810 1481 πρώτους
825 1400 916 1483 έχειν.

210 1506 244 1568 έν
257 1508 297 1590 τῷ
312 1503 457 1568 πένεσθαι
472 1503 497 1566 δ’
514 1504 597 1566 ἐστὶν
611 1503 631 1580 ἥ
645 1501 669 1565 τ’
685 1503 797 1581 ἀδοξία,

211 1607 265 1672 κάν
279 1605 297 1686 ᾗ
312 1607 409 1687 σοφός
422 1631 475 1678 τις,
491 1606 511 1683 ἤ
524 1603 548 1666 τ’
567 1606 666 1684 ἀτιμία
680 1606 762 1684 βίου.

209 1711 317 1791 φθιους
331 1710 363 1771 δὲ
378 1708 445 1774 τοὺς
459 1709 515 1786 μὲν
529 1707 569 1786 μὴ
583 1713 741 1790 χαλῶντος
757 1708 790 1770 ἐν
804 1709 907 1789 λόγοις

211 1811 345 1891 κέκτησο,
362 1811 429 1878 τοὺς
443 1812 476 1873 δὲ
491 1810 565 1891 πρὸς
578 1809 667 1892 χάριν
682 1809 738 1873 σὺν
752 1811 842 1889 ἡδονῇ

209 1919 244 1994 τῇ
261 1918 299 1992 σῇ
316 1913 460 1993 πονηροὺς
474 1916 603 1994 κλῇθρον
619 1913 740 1995 εἰργέτω
759 1911 875 1993 στέγης.

209 2018 327 2097 ὁμιλίας
341 2041 374 2079 τε
388 2018 440 2081 τὰς
455 2012 627 2097 γεραιτέρας
641 2016 737 2095 φίλει,

210 2117 364 2183 ἀκόλαστα
379 2116 403 2181 δ’
419 2117 484 2197 ἤθη,
501 2119 623 2197 λαμπρὰ
638 2121 793 2197 συγγελᾶν
807 2118 910 2195 μόνον,

209 2223 300 2301 μίσει·
323 2225 454 2303 βραχεῖα
469 2219 573 2301 τέρψις
587 2219 691 2298 ἡδονῆς
707 2222 804 2297 κακῆς.

211 2326 330 2407 έξουσίη
345 2324 378 2386 δὲ
391 2320 495 2401 μήποτ’
513 2321 654 2404 ἐντυχὼν,
671 2321 787 2398 τέκνον,

212 2426 353 2508 αἰσχροὺς
366 2425 475 2506 έρωτας
490 2429 622 2504 δημοτῶν
637 2429 801 2498 διωκοθεῖν,

211 2529 228 2592 δ
244 2530 291 2592 καὶ
306 2530 427 2610 σίδηρον
442 2530 574 2611 ἀγχόνας
589 2527 612 2590 τ’
630 2528 801 2609 ἐφέλκεται,

211 2636 349 2714 χρηστῶν
363 2630 497 2709 πενήτων
511 2630 548 2709 ἤν
563 2656 605 2697 τις
620 2632 748 2713 αἰσχύνη
763 2629 861 2693 τέκνα.

213 2733 260 2796 καὶ
274 2733 341 2799 τοὺς
355 2733 500 2813 πονηροὺς
513 2732 553 2811 μή
568 2730 632 2795 ποτ’
649 2734 747 2811 αὔξειν
763 2733 796 2795 ἐν
811 2733 909 2796 πόλει·

213 2835 294 2899 κακοὶ
309 2838 367 2917 γάρ
382 2832 635 2914 έμπλησθέντεςῆ
651 2836 840 2913 νομίσματος,

210 2933 229 3014 ἣ
244 2937 353 3001 πόλεος
368 2936 549 3013 ἐμπεσόντες
564 2937 605 3001 είς
620 2934 716 3016 ἀρχήν
730 2959 805 3006 τινα,

213 3042 381 3118 σκιρτῶσιν,
398 3035 512 3115 ἀδόκητ’
529 3036 756 3119 εὐτυχησάντων
771 3039 879 3116 δόμων.

212 3137 280 3203 ἀλλ’
297 3137 320 3202 ῶ
336 3137 440 3201 τέκνον
455 3164 505 3217 μοι
520 3139 569 3205 δδς
583 3137 658 3222 χέρ’,
675 3140 713 3205 ὡς
728 3139 796 3220 θίγῃ
812 3139 916 3219 πατὴρ,

213 3245 260 3306 καὶ
275 3241 364 3325 χαῖρ’·
388 3239 437 3304 ὑπ’
453 3244 551 3308 αἰδοῦς
563 3241 587 3304 δ’
604 3241 638 3304 οὗ
653 3242 724 3304 λίαν
739 3241 916 3319 ἀσπάζομαι·

213 3345 420 3426 γυναικόφρων
432 3346 490 3424 γάρ
505 3343 595 3421 θυμός
610 3341 716 3424 ἀνδρὸς
730 3342 764 3404 οὗ
781 3347 887 3424 σοφοῦ.

75 3486 78 3491 -
126 3447 165 3507 V.
181 3466 225 3505 11.
241 3465 285 3504 12.
303 3465 346 3521 ¹3·
362 3445 496 3505 Stobaeus
511 3466 558 3524 92.
575 3468 603 3525 p.
619 3462 652 3523 51
664 3467 687 3504 1.
702 3448 738 3505 V.
757 3463 882 3521 ιιι-ιγ.
898 3447 1032 3505 Stobaeus
1047 3448 1095 3526 89.
1111 3469 1139 3526 p.
1156 3466 1223 3526 503.

126 3546 163 3603 V.
187 3545 229 3602 18.
250 3563 293 3620 19.
312 3563 357 3602 20.
381 3542 514 3602 Stobaeus
532 3563 577 3617 ¹4·
593 3565 622 3621 ρ.
643 3545 707 3618 148.
729 3545 900 3603 Plutarchus
922 3546 1028 3603 ΜοταΙ.
1043 3565 1072 3622 p.
1087 3547 1124 3622 63
1143 3567 1169 3605 a.
1185 3549 1223 3606 V.

128 3660 176 3700 21.
194 3660 241 3698 22.
260 3659 306 3716 23.
335 3639 469 3699 Stobaeus
490 3660 552 3715 114.
567 3662 596 3718 p.
612 3642 680 3717 585.
702 3642 739 3698 V.
756 3661 803 3715 24.
822 3659 868 3719 25.
886 3643 932 3700 26.
949 3661 996 3717 27.
1028 3644 1161 3701 Stobaeus
1180 3663 1223 3721 ¹7·

126 3759 154 3816 p.
174 3740 237 3815 156.
254 3738 292 3795 V.
311 3737 357 3796 28.
377 3755 422 3812 29.
438 3755 486 3812 30.
503 3756 552 3812 31.
575 3737 709 3796 Stobaeus
724 3757 772 3811 42.
787 3758 814 3814 p.
834 3739 900 3810 276.

166 3837 204 3895 V.
225 3854 268 3893 10.
292 3836 377 3909 μίσει]
405 3835 497 3909 στόγιι
518 3836 732 3894 Βοίοςοοοόίιις.
755 3837 793 3894 V.
815 3837 937 3894 18-20.
967 3837 1138 3895 Plutarchus
1165 3859 1225 3897 me-

126 3935 225 3992 moriae
247 3952 356 4000 errore,
380 3945 412 3991 ut
432 3933 558 3997 videtur.
581 3934 711 4009 Meropae
733 3933 844 3998 tribuit,
855 3934 936 3990 ὀθεν
956 3935 971 4004 ἡ
990 3936 1096 4008 τραγικὴ
1118 3939 1224 4009 Μερόπη

125 4034 251 4105 παραινεῖ,
266 4030 480 4088 move—unde
494 4031 556 4087 haec
570 4031 647 4089 inter
661 4029 825 4108 fragmenta
836 4031 1025 4107 Cresphontae
1040 4032 1132 4090 relata
1144 4047 1222 4091 sunt.

168 4227 271 4305 Steph.
288 4229 360 4304 Byz.
375 4248 403 4285 v.
420 4230 528 4303 Αἰθίοψ.
656 4160 693 4207 2¹

208 4327 343 4381 Αἰθιοπίαν
357 4349 396 4381 νιν
409 4325 519 4397 ε’ξέσωσ’
535 4328 577 4380 ἐπὶ
590 4327 681 4396 χθόνα.
