<?xml version="1.0" encoding="UTF-8"?>
<!DOCTYPE html PUBLIC "-//W3C//DTD XHTML 1.0 Transitional//EN"
    "http://www.w3.org/TR/xhtml1/DTD/xhtml1-transitional.dtd">
<html xmlns="http://www.w3.org/1999/xhtml" xml:lang="en" lang="en">
 <head>
  <title>
</title>
<meta http-equiv="Content-Type" content="text/html;charset=utf-8" />
  <meta name='ocr-system' content='tesseract 3.04.00' />
  <meta name='ocr-capabilities' content='ocr_page ocr_carea ocr_par ocr_line ocrx_word'/>
</head>
<body>
  <div class='ocr_page' id='page_1' title='image "./tragoediaesuper00eurigoog_0558.png"; bbox 0 0 2850 4898; ppageno 0'>
   <div class='ocr_carea' id='block_1_1' title="bbox 41 4430 149 4592">
    <p class='ocr_par' dir='ltr' id='par_1_1' title="bbox 41 4430 149 4592">
     <span class='ocr_line' id='line_1_1' title="bbox 41 4430 149 4592; baseline 0 0"><span class='ocrx_word' id='word_1_1' title='bbox 41 4430 149 4592; x_wconf 58' lang='grc' dir='ltr'>ἱ</span> 
     </span>
    </p>
   </div>
   <div class='ocr_carea' id='block_1_2' title="bbox 167 303 836 371">
    <p class='ocr_par' dir='ltr' id='par_1_2' title="bbox 167 303 836 371">
     <span class='ocr_line' id='line_1_2' title="bbox 167 303 836 371; baseline -0.001 -3"><span class='ocrx_word' id='word_1_2' title='bbox 167 303 233 371; x_wconf 74' lang='grc'>984</span> <span class='ocrx_word' id='word_1_3' title='bbox 607 304 836 367; x_wconf 63' lang='grc' dir='ltr'>ΕΥΡΙΠΙΔΟΥ</span> 
     </span>
    </p>
   </div>
   <div class='ocr_carea' id='block_1_3' title="bbox 252 467 862 653">
    <p class='ocr_par' dir='ltr' id='par_1_3' title="bbox 252 467 862 653">
     <span class='ocr_line' id='line_1_3' title="bbox 252 467 862 554; baseline 0.005 -22"><span class='ocrx_word' id='word_1_4' title='bbox 252 467 427 554; x_wconf 76' lang='grc' dir='ltr'>λυπουμένῳ</span> <span class='ocrx_word' id='word_1_5' title='bbox 441 471 498 548; x_wconf 76' lang='grc' dir='ltr'>μὲν</span> <span class='ocrx_word' id='word_1_6' title='bbox 511 474 601 548; x_wconf 85' lang='grc' dir='ltr'>μῦθος</span> <span class='ocrx_word' id='word_1_7' title='bbox 616 471 738 550; x_wconf 78' lang='grc' dir='ltr'>εὐμενὴς</span> <span class='ocrx_word' id='word_1_8' title='bbox 753 474 862 552; x_wconf 83' lang='grc' dir='ltr'>φίλων,</span> 
     </span>
     <span class='ocr_line' id='line_1_4' title="bbox 254 571 800 653; baseline 0.005 -20"><span class='ocrx_word' id='word_1_9' title='bbox 254 571 332 653; x_wconf 77' lang='grc' dir='ltr'>ἄγαν</span> <span class='ocrx_word' id='word_1_10' title='bbox 347 571 379 633; x_wconf 73' lang='grc' dir='ltr'>δὲ</span> <span class='ocrx_word' id='word_1_11' title='bbox 394 572 572 652; x_wconf 79' lang='grc' dir='ltr'>μωραίνοντι</span> <span class='ocrx_word' id='word_1_12' title='bbox 587 571 800 651; x_wconf 84' lang='grc' dir='ltr'>νουθετήματα.</span> 
     </span>
    </p>
   </div>
   <div class='ocr_carea' id='block_1_4' title="bbox 208 731 861 894">
    <p class='ocr_par' dir='ltr' id='par_1_4' title="bbox 208 731 861 894">
     <span class='ocr_line' id='line_1_5' title="bbox 208 731 861 894; baseline 0.006 -20"><span class='ocrx_word' id='word_1_13' title='bbox 208 817 379 875; x_wconf 75' lang='lat' dir='ltr'><strong>Plutarchus</strong></span> <span class='ocrx_word' id='word_1_14' title='bbox 393 816 499 875; x_wconf 82' lang='lat' dir='ltr'><strong>Moral.</strong></span> <span class='ocrx_word' id='word_1_15' title='bbox 511 837 541 894; x_wconf 90' lang='lat' dir='ltr'>p.</span> <span class='ocrx_word' id='word_1_16' title='bbox 559 818 598 891; x_wconf 86' lang='lat'>84</span> <span class='ocrx_word' id='word_1_17' title='bbox 610 817 629 874; x_wconf 85' lang='lat' dir='ltr'><strong>f.</strong></span> <span class='ocrx_word' id='word_1_18' title='bbox 644 731 747 893; x_wconf 70' lang='lat' dir='ltr'><strong>Vit719).</strong></span> <span class='ocrx_word' id='word_1_19' title='bbox 757 818 816 894; x_wconf 86' lang='lat'>658</span> <span class='ocrx_word' id='word_1_20' title='bbox 832 819 861 879; x_wconf 87' lang='lat' dir='ltr'><strong>d.</strong></span> 
     </span>
    </p>
   </div>
   <div class='ocr_carea' id='block_1_5' title="bbox 253 912 885 995">
    <p class='ocr_par' dir='ltr' id='par_1_5' title="bbox 253 912 885 995">
     <span class='ocr_line' id='line_1_6' title="bbox 253 912 885 995; baseline 0.006 -19"><span class='ocrx_word' id='word_1_21' title='bbox 253 917 326 990; x_wconf 83' lang='grc' dir='ltr'>Φεΰ,</span> <span class='ocrx_word' id='word_1_22' title='bbox 342 919 421 977; x_wconf 79' lang='grc' dir='ltr'>τοῖσι</span> <span class='ocrx_word' id='word_1_23' title='bbox 435 914 620 995; x_wconf 81' lang='grc' dir='ltr'>γενναίοισιν</span> <span class='ocrx_word' id='word_1_24' title='bbox 635 914 673 982; x_wconf 78' lang='grc' dir='ltr'>ὣς</span> <span class='ocrx_word' id='word_1_25' title='bbox 686 912 767 980; x_wconf 80' lang='grc' dir='ltr'>ἅπαν</span> <span class='ocrx_word' id='word_1_26' title='bbox 783 917 885 980; x_wconf 86' lang='grc' dir='ltr'>καλόν.</span> 
     </span>
    </p>
   </div>
   <div class='ocr_carea' id='block_1_6' title="bbox 208 1061 1010 1225">
    <p class='ocr_par' dir='ltr' id='par_1_6' title="bbox 208 1061 1010 1225">
     <span class='ocr_line' id='line_1_7' title="bbox 208 1061 1010 1225; baseline 0.006 -22"><span class='ocrx_word' id='word_1_27' title='bbox 208 1145 379 1204; x_wconf 74' lang='lat' dir='ltr'><strong>Plutarchus</strong></span> <span class='ocrx_word' id='word_1_28' title='bbox 389 1147 494 1204; x_wconf 84' lang='lat' dir='ltr'><strong>Morsl.</strong></span> <span class='ocrx_word' id='word_1_29' title='bbox 509 1167 539 1223; x_wconf 92' lang='lat' dir='ltr'>p.</span> <span class='ocrx_word' id='word_1_30' title='bbox 559 1146 615 1203; x_wconf 87' lang='lat'>116</span> <span class='ocrx_word' id='word_1_31' title='bbox 629 1146 649 1204; x_wconf 86' lang='lat' dir='ltr'><strong>f.</strong></span> <span class='ocrx_word' id='word_1_32' title='bbox 664 1061 791 1225; x_wconf 51' lang='lat' dir='ltr'><strong>EpiiPtet.</strong></span> <span class='ocrx_word' id='word_1_33' title='bbox 803 1149 921 1207; x_wconf 88' lang='lat' dir='ltr'><strong>Enchir.</strong></span> <span class='ocrx_word' id='word_1_34' title='bbox 936 1161 1010 1208; x_wconf 82' lang='lat' dir='ltr'><strong>extr.</strong></span> 
     </span>
    </p>
   </div>
   <div class='ocr_carea' id='block_1_7' title="bbox 248 1239 909 1427">
    <p class='ocr_par' dir='ltr' id='par_1_7' title="bbox 248 1239 909 1427">
     <span class='ocr_line' id='line_1_8' title="bbox 248 1239 909 1326; baseline 0.006 -21"><span class='ocrx_word' id='word_1_35' title='bbox 248 1239 358 1309; x_wconf 86' lang='grc' dir='ltr'>Ὅστις</span> <span class='ocrx_word' id='word_1_36' title='bbox 371 1240 395 1305; x_wconf 79' lang='grc' dir='ltr'>δ’</span> <span class='ocrx_word' id='word_1_37' title='bbox 412 1242 526 1323; x_wconf 80' lang='grc' dir='ltr'>ἀνάγκη</span> <span class='ocrx_word' id='word_1_38' title='bbox 541 1245 767 1326; x_wconf 79' lang='grc' dir='ltr'>συγκεχώρηκεν</span> <span class='ocrx_word' id='word_1_39' title='bbox 780 1251 909 1326; x_wconf 79' lang='grc' dir='ltr'>βροτῶν,</span> 
     </span>
     <span class='ocr_line' id='line_1_9' title="bbox 254 1343 883 1427; baseline 0.005 -19"><span class='ocrx_word' id='word_1_40' title='bbox 254 1345 352 1427; x_wconf 77' lang='grc' dir='ltr'>σοφὸς</span> <span class='ocrx_word' id='word_1_41' title='bbox 364 1343 432 1426; x_wconf 86' lang='grc' dir='ltr'>παρ’</span> <span class='ocrx_word' id='word_1_42' title='bbox 448 1346 517 1425; x_wconf 81' lang='grc' dir='ltr'>ἡμῖν</span> <span class='ocrx_word' id='word_1_43' title='bbox 533 1346 580 1409; x_wconf 87' lang='grc' dir='ltr'>καὶ</span> <span class='ocrx_word' id='word_1_44' title='bbox 594 1348 632 1410; x_wconf 80' lang='grc' dir='ltr'>τὰ</span> <span class='ocrx_word' id='word_1_45' title='bbox 646 1345 701 1410; x_wconf 66' lang='grc' dir='ltr'>θεῖ</span> <span class='ocrx_word' id='word_1_46' title='bbox 717 1348 883 1411; x_wconf 74' lang='grc' dir='ltr'>ἐπίσταται.</span> 
     </span>
    </p>
   </div>
   <div class='ocr_carea' id='block_1_8' title="bbox 208 1495 1272 1656">
    <p class='ocr_par' dir='ltr' id='par_1_8' title="bbox 208 1495 1272 1656">
     <span class='ocr_line' id='line_1_10' title="bbox 208 1495 1272 1656; baseline -0.004 -18"><span class='ocrx_word' id='word_1_47' title='bbox 208 1580 379 1638; x_wconf 74' lang='lat' dir='ltr'><strong>Plutarchus</strong></span> <span class='ocrx_word' id='word_1_48' title='bbox 392 1579 498 1638; x_wconf 84' lang='lat' dir='ltr'><strong>Moral.</strong></span> <span class='ocrx_word' id='word_1_49' title='bbox 512 1600 540 1656; x_wconf 92' lang='lat' dir='ltr'>p.</span> <span class='ocrx_word' id='word_1_50' title='bbox 554 1598 610 1638; x_wconf 83' lang='lat'>120</span> <span class='ocrx_word' id='word_1_51' title='bbox 620 1600 647 1639; x_wconf 82' lang='lat' dir='ltr'>a.</span> <span class='ocrx_word' id='word_1_52' title='bbox 668 1495 771 1648; x_wconf 67' lang='grc' dir='ltr'>’08βΙίος</span> <span class='ocrx_word' id='word_1_53' title='bbox 783 1586 843 1656; x_wconf 84' lang='grc' dir='ltr'>γὰρ,</span> <span class='ocrx_word' id='word_1_54' title='bbox 857 1583 942 1655; x_wconf 78' lang='grc' dir='ltr'>φησὶν</span> <span class='ocrx_word' id='word_1_55' title='bbox 959 1579 1109 1655; x_wconf 74' lang='grc' dir='ltr'>Εὐριπίδης,</span> <span class='ocrx_word' id='word_1_56' title='bbox 1119 1579 1192 1651; x_wconf 76' lang='grc' dir='ltr'>ὄνομ’</span> <span class='ocrx_word' id='word_1_57' title='bbox 1205 1582 1272 1650; x_wconf 79' lang='grc' dir='ltr'>ἔχει,</span> 
     </span>
    </p>
   </div>
   <div class='ocr_carea' id='block_1_9' title="bbox 168 1687 362 1762">
    <p class='ocr_par' dir='ltr' id='par_1_9' title="bbox 168 1687 362 1762">
     <span class='ocr_line' id='line_1_11' title="bbox 168 1687 362 1762; baseline 0 -18"><span class='ocrx_word' id='word_1_58' title='bbox 168 1692 248 1746; x_wconf 84' lang='grc' dir='ltr'>πόνος</span> <span class='ocrx_word' id='word_1_59' title='bbox 262 1690 313 1762; x_wconf 81' lang='grc' dir='ltr'>ε’γιίι</span> <span class='ocrx_word' id='word_1_60' title='bbox 327 1687 362 1744; x_wconf 82' lang='grc' dir='ltr'>σ’.</span> 
     </span>
    </p>
   </div>
   <div class='ocr_carea' id='block_1_10' title="bbox 210 1809 1273 1987">
    <p class='ocr_par' dir='ltr' id='par_1_10' title="bbox 210 1809 1273 1987">
     <span class='ocr_line' id='line_1_12' title="bbox 701 1809 742 1871; baseline 0.024 -1"><span class='ocrx_word' id='word_1_61' title='bbox 701 1809 742 1871; x_wconf 80' lang='lat'>82</span> 
     </span>
     <span class='ocr_line' id='line_1_13' title="bbox 210 1910 1273 1987; baseline -0.003 -16"><span class='ocrx_word' id='word_1_62' title='bbox 210 1913 381 1971; x_wconf 79' lang='lat' dir='ltr'><strong>Plutarchus</strong></span> <span class='ocrx_word' id='word_1_63' title='bbox 395 1911 501 1969; x_wconf 79' lang='lat' dir='ltr'><strong>Morul.</strong></span> <span class='ocrx_word' id='word_1_64' title='bbox 515 1930 544 1987; x_wconf 92' lang='lat' dir='ltr'>p.</span> <span class='ocrx_word' id='word_1_65' title='bbox 561 1928 613 1985; x_wconf 86' lang='lat'>132</span> <span class='ocrx_word' id='word_1_66' title='bbox 629 1910 658 1968; x_wconf 91' lang='lat' dir='ltr'>b.</span> <span class='ocrx_word' id='word_1_67' title='bbox 681 1915 753 1985; x_wconf 82' lang='grc' dir='ltr'>Πρὸς</span> <span class='ocrx_word' id='word_1_68' title='bbox 771 1914 799 1969; x_wconf 75' lang='grc' dir='ltr'>δὲ</span> <span class='ocrx_word' id='word_1_69' title='bbox 817 1916 863 1968; x_wconf 83' lang='grc' dir='ltr'>τὸν</span> <span class='ocrx_word' id='word_1_70' title='bbox 876 1910 956 1980; x_wconf 80' lang='grc' dir='ltr'>οίνον,</span> <span class='ocrx_word' id='word_1_71' title='bbox 969 1912 1036 1987; x_wconf 74' lang='grc' dir='ltr'>ὅπερ</span> <span class='ocrx_word' id='word_1_72' title='bbox 1049 1913 1191 1986; x_wconf 76' lang='grc' dir='ltr'>Εὐριπίδης</span> <span class='ocrx_word' id='word_1_73' title='bbox 1204 1914 1273 1985; x_wconf 82' lang='grc' dir='ltr'>πρὸς</span> 
     </span>
    </p>
   </div>
   <div class='ocr_carea' id='block_1_11' title="bbox 168 2011 1273 2582">
    <p class='ocr_par' dir='ltr' id='par_1_11' title="bbox 168 2011 546 2085">
     <span class='ocr_line' id='line_1_14' title="bbox 168 2011 546 2085; baseline -0.016 -17"><span class='ocrx_word' id='word_1_74' title='bbox 168 2014 215 2084; x_wconf 70' lang='grc' dir='ltr'>τὴν</span> <span class='ocrx_word' id='word_1_75' title='bbox 226 2012 385 2085; x_wconf 80' lang='grc' dir='ltr'>Ἀφροδίτην</span> <span class='ocrx_word' id='word_1_76' title='bbox 398 2011 546 2065; x_wconf 74' lang='grc' dir='ltr'>διαλεκτέον</span> 
     </span>
    </p>

    <p class='ocr_par' dir='ltr' id='par_1_12' title="bbox 256 2102 647 2186">
     <span class='ocr_line' id='line_1_15' title="bbox 256 2102 647 2186; baseline 0 -17"><span class='ocrx_word' id='word_1_77' title='bbox 256 2109 327 2185; x_wconf 85' lang='grc' dir='ltr'>Εἶης</span> <span class='ocrx_word' id='word_1_78' title='bbox 340 2130 390 2185; x_wconf 88' lang='grc' dir='ltr'>μοι</span> <span class='ocrx_word' id='word_1_79' title='bbox 403 2102 524 2186; x_wconf 74' lang='grc' dir='ltr'>μέτριον</span> <span class='ocrx_word' id='word_1_80' title='bbox 538 2103 572 2167; x_wconf 81' lang='grc' dir='ltr'>δέ</span> <span class='ocrx_word' id='word_1_81' title='bbox 585 2129 647 2170; x_wconf 83' lang='grc' dir='ltr'>πως</span> 
     </span>
    </p>

    <p class='ocr_par' dir='ltr' id='par_1_13' title="bbox 169 2205 1273 2582">
     <span class='ocr_line' id='line_1_16' title="bbox 255 2205 605 2287; baseline -0.011 -15"><span class='ocrx_word' id='word_1_82' title='bbox 255 2209 325 2287; x_wconf 81' lang='grc' dir='ltr'>εἴης,</span> <span class='ocrx_word' id='word_1_83' title='bbox 340 2205 405 2287; x_wconf 81' lang='grc' dir='ltr'>μηδ’</span> <span class='ocrx_word' id='word_1_84' title='bbox 422 2207 605 2272; x_wconf 78' lang='grc' dir='ltr'>ἀπολείποις.</span> 
     </span>
     <span class='ocr_line' id='line_1_17' title="bbox 170 2311 1272 2389; baseline -0.001 -18"><span class='ocrx_word' id='word_1_85' title='bbox 170 2312 365 2372; x_wconf 69' lang='lat' dir='ltr'><strong>Valckenurio</strong></span> <span class='ocrx_word' id='word_1_86' title='bbox 387 2311 558 2369; x_wconf 80' lang='lat' dir='ltr'><strong>Plutarchus</strong></span> <span class='ocrx_word' id='word_1_87' title='bbox 579 2311 800 2369; x_wconf 82' lang='lat' dir='ltr'><strong>accommodate</strong></span> <span class='ocrx_word' id='word_1_88' title='bbox 820 2311 856 2369; x_wconf 85' lang='lat' dir='ltr'><strong>ud</strong></span> <span class='ocrx_word' id='word_1_89' title='bbox 878 2312 1058 2388; x_wconf 87' lang='lat' dir='ltr'><strong>propositum</strong></span> <span class='ocrx_word' id='word_1_90' title='bbox 1076 2331 1160 2371; x_wconf 89' lang='lat' dir='ltr'><strong>suum</strong></span> <span class='ocrx_word' id='word_1_91' title='bbox 1180 2315 1272 2389; x_wconf 85' lang='lat' dir='ltr'><strong>scrip-</strong></span> 
     </span>
     <span class='ocr_line' id='line_1_18' title="bbox 169 2409 1273 2487; baseline -0.002 -18"><span class='ocrx_word' id='word_1_92' title='bbox 169 2413 240 2470; x_wconf 81' lang='lat' dir='ltr'><strong>sisse</strong></span> <span class='ocrx_word' id='word_1_93' title='bbox 254 2411 369 2468; x_wconf 87' lang='lat' dir='ltr'><strong>videtur</strong></span> <span class='ocrx_word' id='word_1_94' title='bbox 383 2409 435 2480; x_wconf 80' lang='grc' dir='ltr'>είης</span> <span class='ocrx_word' id='word_1_95' title='bbox 447 2433 491 2480; x_wconf 89' lang='grc' dir='ltr'>μοι</span> <span class='ocrx_word' id='word_1_96' title='bbox 504 2412 609 2483; x_wconf 82' lang='grc' dir='ltr'>μέτριον</span> <span class='ocrx_word' id='word_1_97' title='bbox 619 2412 707 2476; x_wconf 79' lang='grc' dir='ltr'>δέπας,</span> <span class='ocrx_word' id='word_1_98' title='bbox 719 2429 809 2486; x_wconf 90' lang='lat' dir='ltr'><strong>quum</strong></span> <span class='ocrx_word' id='word_1_99' title='bbox 818 2409 972 2486; x_wconf 86' lang='lat' dir='ltr'><strong>Euripides</strong></span> <span class='ocrx_word' id='word_1_100' title='bbox 986 2411 1148 2487; x_wconf 82' lang='lat' dir='ltr'><strong>scripsisset</strong></span> <span class='ocrx_word' id='word_1_101' title='bbox 1161 2410 1215 2481; x_wconf 85' lang='grc' dir='ltr'>είης</span> <span class='ocrx_word' id='word_1_102' title='bbox 1227 2435 1273 2482; x_wconf 86' lang='grc' dir='ltr'>μοι</span> 
     </span>
     <span class='ocr_line' id='line_1_19' title="bbox 169 2506 592 2582; baseline 0 -19"><span class='ocrx_word' id='word_1_103' title='bbox 169 2510 260 2582; x_wconf 75' lang='grc' dir='ltr'>μετρία</span> <span class='ocrx_word' id='word_1_104' title='bbox 273 2509 332 2566; x_wconf 73' lang='grc' dir='ltr'>θεός</span> <span class='ocrx_word' id='word_1_105' title='bbox 344 2507 392 2564; x_wconf 86' lang='lat' dir='ltr'>vel</span> <span class='ocrx_word' id='word_1_106' title='bbox 402 2507 498 2564; x_wconf 85' lang='lat' dir='ltr'><strong>simile</strong></span> <span class='ocrx_word' id='word_1_107' title='bbox 513 2506 592 2581; x_wconf 91' lang='lat' dir='ltr'><strong>quid.</strong></span> 
     </span>
    </p>
   </div>
   <div class='ocr_carea' id='block_1_12' title="bbox 170 2733 1274 3813">
    <p class='ocr_par' dir='ltr' id='par_1_14' title="bbox 170 2733 1274 3101">
     <span class='ocr_line' id='line_1_20' title="bbox 210 2733 1272 2810; baseline 0 -20"><span class='ocrx_word' id='word_1_108' title='bbox 210 2733 382 2791; x_wconf 76' lang='lat' dir='ltr'><strong>Plutarchus</strong></span> <span class='ocrx_word' id='word_1_109' title='bbox 395 2733 501 2792; x_wconf 76' lang='lat' dir='ltr'><strong>Morul.</strong></span> <span class='ocrx_word' id='word_1_110' title='bbox 518 2753 547 2810; x_wconf 89' lang='lat' dir='ltr'>p.</span> <span class='ocrx_word' id='word_1_111' title='bbox 563 2750 622 2809; x_wconf 82' lang='lat'>379</span> <span class='ocrx_word' id='word_1_112' title='bbox 637 2734 665 2792; x_wconf 91' lang='lat' dir='ltr'><strong>d.</strong></span> <span class='ocrx_word' id='word_1_113' title='bbox 678 2734 806 2805; x_wconf 78' lang='grc' dir='ltr'>Ἕλληνες</span> <span class='ocrx_word' id='word_1_114' title='bbox 821 2737 868 2805; x_wconf 74' lang='grc' dir='ltr'>μέν</span> <span class='ocrx_word' id='word_1_115' title='bbox 882 2737 910 2789; x_wconf 73' lang='grc' dir='ltr'>ἔν</span> <span class='ocrx_word' id='word_1_116' title='bbox 927 2758 959 2808; x_wconf 81' lang='grc' dir='ltr'>γε</span> <span class='ocrx_word' id='word_1_117' title='bbox 972 2733 1074 2792; x_wconf 75' lang='grc' dir='ltr'>τούτοις</span> <span class='ocrx_word' id='word_1_118' title='bbox 1086 2737 1212 2808; x_wconf 78' lang='grc' dir='ltr'>λέγουσιν</span> <span class='ocrx_word' id='word_1_119' title='bbox 1226 2735 1272 2809; x_wconf 83' lang='grc' dir='ltr'>ὄρ-</span> 
     </span>
     <span class='ocr_line' id='line_1_21' title="bbox 170 2828 1272 2907; baseline -0.001 -18"><span class='ocrx_word' id='word_1_120' title='bbox 170 2834 222 2890; x_wconf 80' lang='grc' dir='ltr'>θῶς</span> <span class='ocrx_word' id='word_1_121' title='bbox 235 2834 276 2888; x_wconf 80' lang='grc' dir='ltr'>καὶ</span> <span class='ocrx_word' id='word_1_122' title='bbox 289 2834 437 2901; x_wconf 74' lang='grc' dir='ltr'>νομίζωσιν</span> <span class='ocrx_word' id='word_1_123' title='bbox 450 2834 519 2905; x_wconf 83' lang='grc' dir='ltr'>ίερθν</span> <span class='ocrx_word' id='word_1_124' title='bbox 530 2830 687 2905; x_wconf 80' lang='grc' dir='ltr'>Ἀφροδίτης</span> <span class='ocrx_word' id='word_1_125' title='bbox 700 2835 765 2900; x_wconf 73' lang='grc' dir='ltr'>ζῶον</span> <span class='ocrx_word' id='word_1_126' title='bbox 778 2828 841 2888; x_wconf 80' lang='grc' dir='ltr'>εἶναι</span> <span class='ocrx_word' id='word_1_127' title='bbox 854 2833 901 2903; x_wconf 82' lang='grc' dir='ltr'>τὴν</span> <span class='ocrx_word' id='word_1_128' title='bbox 914 2835 1079 2906; x_wconf 78' lang='grc' dir='ltr'>περιστερὸν,</span> <span class='ocrx_word' id='word_1_129' title='bbox 1094 2835 1136 2888; x_wconf 75' lang='grc' dir='ltr'>καὶ</span> <span class='ocrx_word' id='word_1_130' title='bbox 1149 2835 1196 2888; x_wconf 86' lang='grc' dir='ltr'>τὸν</span> <span class='ocrx_word' id='word_1_131' title='bbox 1209 2834 1272 2907; x_wconf 79' lang='grc' dir='ltr'>δρά-</span> 
     </span>
     <span class='ocr_line' id='line_1_22' title="bbox 170 2929 1274 3003; baseline 0.001 -18"><span class='ocrx_word' id='word_1_132' title='bbox 170 2952 247 2985; x_wconf 86' lang='grc' dir='ltr'>κοντα</span> <span class='ocrx_word' id='word_1_133' title='bbox 259 2933 305 3000; x_wconf 81' lang='grc' dir='ltr'>τῆς</span> <span class='ocrx_word' id='word_1_134' title='bbox 316 2929 425 3000; x_wconf 77' lang='grc' dir='ltr'>Ἀθηνᾶς</span> <span class='ocrx_word' id='word_1_135' title='bbox 439 2931 480 2985; x_wconf 77' lang='grc' dir='ltr'>καὶ</span> <span class='ocrx_word' id='word_1_136' title='bbox 493 2931 540 2985; x_wconf 81' lang='grc' dir='ltr'>τὸν</span> <span class='ocrx_word' id='word_1_137' title='bbox 556 2932 650 3002; x_wconf 87' lang='grc' dir='ltr'>κόρακα</span> <span class='ocrx_word' id='word_1_138' title='bbox 662 2934 709 2984; x_wconf 85' lang='grc' dir='ltr'>τοῦ</span> <span class='ocrx_word' id='word_1_139' title='bbox 722 2929 896 3000; x_wconf 75' lang='grc' dir='ltr'>Ἀπολλωνος,</span> <span class='ocrx_word' id='word_1_140' title='bbox 910 2932 1007 2987; x_wconf 80' lang='grc' dir='ltr'>καὶτὸν</span> <span class='ocrx_word' id='word_1_141' title='bbox 1019 2930 1082 2986; x_wconf 81' lang='grc' dir='ltr'>κύνα</span> <span class='ocrx_word' id='word_1_142' title='bbox 1094 2933 1140 3000; x_wconf 81' lang='grc' dir='ltr'>τῆς</span> <span class='ocrx_word' id='word_1_143' title='bbox 1152 2930 1274 3003; x_wconf 81' lang='grc' dir='ltr'>Ἀρτέμι-</span> 
     </span>
     <span class='ocr_line' id='line_1_23' title="bbox 170 3028 435 3101; baseline -0.004 -16"><span class='ocrx_word' id='word_1_144' title='bbox 170 3030 224 3095; x_wconf 79' lang='grc' dir='ltr'>δος,</span> <span class='ocrx_word' id='word_1_145' title='bbox 240 3029 274 3085; x_wconf 82' lang='grc' dir='ltr'>ὣς</span> <span class='ocrx_word' id='word_1_146' title='bbox 287 3028 435 3101; x_wconf 78' lang='grc' dir='ltr'>Εὐριπίδης,</span> 
     </span>
    </p>

    <p class='ocr_par' dir='ltr' id='par_1_15' title="bbox 170 3120 1274 3523">
     <span class='ocr_line' id='line_1_24' title="bbox 256 3120 883 3204; baseline 0.005 -20"><span class='ocrx_word' id='word_1_147' title='bbox 256 3120 383 3201; x_wconf 80' lang='grc' dir='ltr'>Ἑκάτης</span> <span class='ocrx_word' id='word_1_148' title='bbox 396 3123 519 3203; x_wconf 78' lang='grc' dir='ltr'>ἄγαλμα</span> <span class='ocrx_word' id='word_1_149' title='bbox 533 3123 699 3204; x_wconf 85' lang='grc' dir='ltr'>φωσφόρου</span> <span class='ocrx_word' id='word_1_150' title='bbox 715 3123 791 3186; x_wconf 83' lang='grc' dir='ltr'>κίων</span> <span class='ocrx_word' id='word_1_151' title='bbox 809 3123 883 3188; x_wconf 83' lang='grc' dir='ltr'>ἔσει.</span> 
     </span>
     <span class='ocr_line' id='line_1_25' title="bbox 171 3225 1274 3304; baseline 0.001 -20"><span class='ocrx_word' id='word_1_152' title='bbox 171 3226 340 3303; x_wconf 84' lang='lat' dir='ltr'><strong>Euripidem</strong></span> <span class='ocrx_word' id='word_1_153' title='bbox 361 3225 438 3283; x_wconf 84' lang='lat' dir='ltr'><strong>ridet</strong></span> <span class='ocrx_word' id='word_1_154' title='bbox 458 3225 668 3301; x_wconf 80' lang='lat' dir='ltr'><strong>Aristophanes</strong></span> <span class='ocrx_word' id='word_1_155' title='bbox 689 3245 735 3303; x_wconf 87' lang='lat' dir='ltr'><strong>ap.</strong></span> <span class='ocrx_word' id='word_1_156' title='bbox 758 3228 892 3287; x_wconf 86' lang='lat' dir='ltr'><strong>Eustath.</strong></span> <span class='ocrx_word' id='word_1_157' title='bbox 913 3247 941 3304; x_wconf 87' lang='lat' dir='ltr'>p.</span> <span class='ocrx_word' id='word_1_158' title='bbox 961 3228 1047 3302; x_wconf 85' lang='lat'>1467,</span> <span class='ocrx_word' id='word_1_159' title='bbox 1062 3229 1112 3303; x_wconf 79' lang='lat'><strong>36.</strong></span> <span class='ocrx_word' id='word_1_160' title='bbox 1134 3231 1185 3284; x_wconf 81' lang='lat' dir='ltr'>Kal</span> <span class='ocrx_word' id='word_1_161' title='bbox 1206 3229 1274 3285; x_wconf 77' lang='grc' dir='ltr'>κίων</span> 
     </span>
     <span class='ocr_line' id='line_1_26' title="bbox 170 3323 878 3398; baseline 0.001 -18"><span class='ocrx_word' id='word_1_162' title='bbox 170 3325 315 3398; x_wconf 72' lang='grc' dir='ltr'>ἀκράχολος</span> <span class='ocrx_word' id='word_1_163' title='bbox 326 3323 434 3393; x_wconf 75' lang='grc' dir='ltr'>Ἑκάτης</span> <span class='ocrx_word' id='word_1_164' title='bbox 447 3324 551 3396; x_wconf 72' lang='grc' dir='ltr'>ἄγαλμα</span> <span class='ocrx_word' id='word_1_165' title='bbox 565 3326 714 3397; x_wconf 81' lang='grc' dir='ltr'>φωσφόρον</span> <span class='ocrx_word' id='word_1_166' title='bbox 727 3325 878 3398; x_wconf 75' lang='grc' dir='ltr'>γενήσομαι.</span> 
     </span>
     <span class='ocr_line' id='line_1_27' title="bbox 700 3442 742 3523; baseline 0 0"><span class='ocrx_word' id='word_1_167' title='bbox 700 3442 742 3523; x_wconf 87' lang='lat'>84</span> 
     </span>
    </p>

    <p class='ocr_par' dir='ltr' id='par_1_16' title="bbox 171 3544 1274 3813">
     <span class='ocr_line' id='line_1_28' title="bbox 214 3544 1274 3621; baseline 0.003 -19"><span class='ocrx_word' id='word_1_168' title='bbox 214 3546 386 3604; x_wconf 83' lang='lat' dir='ltr'><strong>Plutarchus</strong></span> <span class='ocrx_word' id='word_1_169' title='bbox 399 3544 506 3602; x_wconf 80' lang='lat' dir='ltr'><strong>Moral.</strong></span> <span class='ocrx_word' id='word_1_170' title='bbox 521 3564 551 3620; x_wconf 91' lang='lat' dir='ltr'>p.</span> <span class='ocrx_word' id='word_1_171' title='bbox 567 3546 627 3617; x_wconf 86' lang='lat'>416</span> <span class='ocrx_word' id='word_1_172' title='bbox 641 3544 669 3602; x_wconf 93' lang='lat' dir='ltr'><strong>d.</strong></span> <span class='ocrx_word' id='word_1_173' title='bbox 688 3545 723 3600; x_wconf 84' lang='grc' dir='ltr'>Ἡ</span> <span class='ocrx_word' id='word_1_174' title='bbox 744 3547 773 3600; x_wconf 77' lang='grc' dir='ltr'>δὲ</span> <span class='ocrx_word' id='word_1_175' title='bbox 794 3545 877 3618; x_wconf 75' lang='grc' dir='ltr'>φύσις</span> <span class='ocrx_word' id='word_1_176' title='bbox 898 3549 1024 3618; x_wconf 76' lang='grc' dir='ltr'>αἰσθητὰς</span> <span class='ocrx_word' id='word_1_177' title='bbox 1047 3549 1144 3606; x_wconf 68' lang='grc' dir='ltr'>εἰκόνας</span> <span class='ocrx_word' id='word_1_178' title='bbox 1169 3551 1274 3621; x_wconf 74' lang='grc' dir='ltr'>ἐξέθηκε</span> 
     </span>
     <span class='ocr_line' id='line_1_29' title="bbox 173 3643 1274 3718; baseline 0.002 -18"><span class='ocrx_word' id='word_1_179' title='bbox 173 3646 214 3700; x_wconf 72' lang='grc' dir='ltr'>καὶ</span> <span class='ocrx_word' id='word_1_180' title='bbox 227 3647 378 3716; x_wconf 79' lang='grc' dir='ltr'>ὁμοιότητας</span> <span class='ocrx_word' id='word_1_181' title='bbox 392 3645 529 3715; x_wconf 77' lang='grc' dir='ltr'>ὁρωμένας,</span> <span class='ocrx_word' id='word_1_182' title='bbox 544 3644 610 3698; x_wconf 77' lang='grc' dir='ltr'>θεῶν</span> <span class='ocrx_word' id='word_1_183' title='bbox 622 3645 669 3714; x_wconf 73' lang='grc' dir='ltr'>μὲν</span> <span class='ocrx_word' id='word_1_184' title='bbox 682 3643 758 3713; x_wconf 71' lang='grc' dir='ltr'>ἥλιον</span> <span class='ocrx_word' id='word_1_185' title='bbox 772 3646 813 3699; x_wconf 76' lang='grc' dir='ltr'>καὶ</span> <span class='ocrx_word' id='word_1_186' title='bbox 830 3645 924 3718; x_wconf 76' lang='grc' dir='ltr'>ἄστρα,</span> <span class='ocrx_word' id='word_1_187' title='bbox 939 3647 1038 3717; x_wconf 80' lang='grc' dir='ltr'>θνητῶν</span> <span class='ocrx_word' id='word_1_188' title='bbox 1050 3649 1078 3702; x_wconf 70' lang='grc' dir='ltr'>δι’</span> <span class='ocrx_word' id='word_1_189' title='bbox 1093 3649 1160 3702; x_wconf 88' lang='grc' dir='ltr'>σε’λα</span> <span class='ocrx_word' id='word_1_190' title='bbox 1174 3650 1215 3702; x_wconf 80' lang='grc' dir='ltr'>καὶ</span> <span class='ocrx_word' id='word_1_191' title='bbox 1229 3670 1274 3703; x_wconf 88' lang='grc' dir='ltr'>κο-</span> 
     </span>
     <span class='ocr_line' id='line_1_30' title="bbox 171 3739 980 3813; baseline 0 -14"><span class='ocrx_word' id='word_1_192' title='bbox 171 3742 253 3813; x_wconf 71' lang='grc' dir='ltr'>μήτας</span> <span class='ocrx_word' id='word_1_193' title='bbox 266 3743 306 3797; x_wconf 77' lang='grc' dir='ltr'>καὶ</span> <span class='ocrx_word' id='word_1_194' title='bbox 320 3740 480 3812; x_wconf 80' lang='grc' dir='ltr'>διᾴττοντας,</span> <span class='ocrx_word' id='word_1_195' title='bbox 494 3742 528 3798; x_wconf 79' lang='grc' dir='ltr'>ὡς</span> <span class='ocrx_word' id='word_1_196' title='bbox 541 3743 681 3813; x_wconf 72' lang='grc' dir='ltr'>Εὐριπίδης</span> <span class='ocrx_word' id='word_1_197' title='bbox 694 3740 796 3797; x_wconf 76' lang='grc' dir='ltr'>εἴκασεν</span> <span class='ocrx_word' id='word_1_198' title='bbox 809 3743 837 3797; x_wconf 76' lang='grc' dir='ltr'>ἐν</span> <span class='ocrx_word' id='word_1_199' title='bbox 850 3741 888 3799; x_wconf 83' lang='grc' dir='ltr'>οἶς</span> <span class='ocrx_word' id='word_1_200' title='bbox 901 3739 980 3809; x_wconf 68' lang='grc' dir='ltr'>εἶπεν,</span> 
     </span>
    </p>
   </div>
   <div class='ocr_carea' id='block_1_13' title="bbox 258 3833 908 4019">
    <p class='ocr_par' dir='ltr' id='par_1_17' title="bbox 258 3833 908 4019">
     <span class='ocr_line' id='line_1_31' title="bbox 258 3833 908 3915; baseline -0.006 -18"><span class='ocrx_word' id='word_1_201' title='bbox 258 3833 297 3896; x_wconf 82' lang='grc' dir='ltr'><strong>Ὁ</strong></span> <span class='ocrx_word' id='word_1_202' title='bbox 313 3833 337 3897; x_wconf 87' lang='grc' dir='ltr'>δ’</span> <span class='ocrx_word' id='word_1_203' title='bbox 353 3836 418 3915; x_wconf 81' lang='grc' dir='ltr'>ἄρτι</span> <span class='ocrx_word' id='word_1_204' title='bbox 434 3833 555 3897; x_wconf 78' lang='grc' dir='ltr'>θάλλων</span> <span class='ocrx_word' id='word_1_205' title='bbox 569 3840 665 3913; x_wconf 84' lang='grc' dir='ltr'>σῶμα,</span> <span class='ocrx_word' id='word_1_206' title='bbox 681 3835 815 3912; x_wconf 73' lang='grc' dir='ltr'>διοπετὴς</span> <span class='ocrx_word' id='word_1_207' title='bbox 829 3836 908 3902; x_wconf 83' lang='grc' dir='ltr'>ὅπως</span> 
     </span>
     <span class='ocr_line' id='line_1_32' title="bbox 259 3935 892 4019; baseline -0.003 -16"><span class='ocrx_word' id='word_1_208' title='bbox 259 3937 354 4017; x_wconf 64' lang='lat' dir='ltr'><strong>scrip</strong></span> <span class='ocrx_word' id='word_1_209' title='bbox 369 3935 499 4015; x_wconf 80' lang='grc' dir='ltr'>ἀπέσβη,</span> <span class='ocrx_word' id='word_1_210' title='bbox 515 3938 619 4015; x_wconf 82' lang='grc' dir='ltr'>πνεῦμ’</span> <span class='ocrx_word' id='word_1_211' title='bbox 634 3938 722 4018; x_wconf 70' lang='grc' dir='ltr'>ἀφεὶς</span> <span class='ocrx_word' id='word_1_212' title='bbox 737 3939 767 4003; x_wconf 78' lang='grc' dir='ltr'>ἐς</span> <span class='ocrx_word' id='word_1_213' title='bbox 781 3937 892 4019; x_wconf 76' lang='grc' dir='ltr'>αἰθέρα.</span> 
     </span>
    </p>
   </div>
   <div class='ocr_carea' id='block_1_14' title="bbox 218 4083 1097 4263">
    <p class='ocr_par' dir='ltr' id='par_1_18' title="bbox 218 4083 1097 4263">
     <span class='ocr_line' id='line_1_33' title="bbox 704 4083 723 4146; baseline 0 0"><span class='ocrx_word' id='word_1_214' title='bbox 704 4083 723 4146; x_wconf 89' lang='grc'><strong>8</strong></span> 
     </span>
     <span class='ocr_line' id='line_1_34' title="bbox 218 4102 1097 4263; baseline -0.001 -18"><span class='ocrx_word' id='word_1_215' title='bbox 218 4188 390 4246; x_wconf 86' lang='lat' dir='ltr'><strong>Plutarchus</strong></span> <span class='ocrx_word' id='word_1_216' title='bbox 404 4187 511 4246; x_wconf 85' lang='lat' dir='ltr'><strong>Moral.</strong></span> <span class='ocrx_word' id='word_1_217' title='bbox 527 4208 554 4263; x_wconf 94' lang='lat' dir='ltr'>p.</span> <span class='ocrx_word' id='word_1_218' title='bbox 570 4206 628 4262; x_wconf 82' lang='lat'>432</span> <span class='ocrx_word' id='word_1_219' title='bbox 645 4208 670 4244; x_wconf 89' lang='lat' dir='ltr'>c.</span> <span class='ocrx_word' id='word_1_220' title='bbox 693 4102 744 4242; x_wconf 54' lang='grc' dir='ltr'>οὔὸ</span> <span class='ocrx_word' id='word_1_221' title='bbox 743 4189 804 4261; x_wconf 83' lang='grc' dir='ltr'>γὰρ,</span> <span class='ocrx_word' id='word_1_222' title='bbox 820 4188 854 4245; x_wconf 77' lang='grc' dir='ltr'>ὡς</span> <span class='ocrx_word' id='word_1_223' title='bbox 866 4189 1007 4261; x_wconf 79' lang='grc' dir='ltr'>Εὐριπίδης</span> <span class='ocrx_word' id='word_1_224' title='bbox 1020 4192 1097 4261; x_wconf 79' lang='grc' dir='ltr'>φησὶ,</span> 
     </span>
    </p>
   </div>
   <div class='ocr_carea' id='block_1_15' title="bbox 259 4282 831 4364">
    <p class='ocr_par' dir='ltr' id='par_1_19' title="bbox 259 4282 831 4364">
     <span class='ocr_line' id='line_1_35' title="bbox 259 4282 831 4364; baseline -0.005 -17"><span class='ocrx_word' id='word_1_225' title='bbox 259 4282 362 4362; x_wconf 79' lang='grc' dir='ltr'>μάντις</span> <span class='ocrx_word' id='word_1_226' title='bbox 377 4285 496 4364; x_wconf 81' lang='grc' dir='ltr'>ἄριστος</span> <span class='ocrx_word' id='word_1_227' title='bbox 511 4286 593 4351; x_wconf 79' lang='grc' dir='ltr'>ὅστις</span> <span class='ocrx_word' id='word_1_228' title='bbox 607 4282 713 4358; x_wconf 75' lang='grc' dir='ltr'>εἰκάζει</span> <span class='ocrx_word' id='word_1_229' title='bbox 728 4288 831 4348; x_wconf 80' lang='grc' dir='ltr'>καλῶς.</span> 
     </span>
    </p>
   </div>
   <div class='ocr_carea' id='block_1_16' title="bbox 0 0 1435 4898">
    <p class='ocr_par' dir='ltr' id='par_1_20' title="bbox 0 0 1435 4898">
     <span class='ocr_line' id='line_1_36' title="bbox 0 0 1435 4898; baseline 0 0"><span class='ocrx_word' id='word_1_230' title='bbox 0 0 1435 4898; x_wconf 95' lang='lat' dir='ltr'> </span> 
     </span>
    </p>
   </div>
  </div>
 </body>
</html>
