2850 4898
616 291 844 352 ΕΥΡΙΠΙΔΟΥ

598 561 847 622 ΕΎΡΥΣΘΕΎΣ.

213 759 313 816 Pollux
327 760 366 822 Χ.
388 762 450 819 108.
472 767 564 820 Σκεῦας
577 764 606 818 δι’
624 696 773 837 μαγειρίκόν
788 767 830 821 καὶ
847 764 929 837 ἢθρός
948 769 1088 842 Εὐριπίδου
1100 773 1129 828 όν
1143 775 1279 848 Εὐρυσθεῖ

171 863 301 934 σατυρικῷ
314 860 431 915 είπόντος

465 951 512 1016 *Η
528 952 646 1027 κυάθου,
661 952 680 1032 ἢ
695 954 888 1035 χαλκήλατον

255 1054 350 1134 ἠθμὸν
364 1058 540 1139 προσίσχων
555 1061 655 1120 τοῖσδε
669 1063 730 1124 τοῖς
743 1059 895 1127 ὑπωπίοις.

709 1194 726 1239 2

210 1262 309 1319 Pollux
324 1263 363 1328 X,
383 1277 446 1336 145.
465 1263 525 1319 “Ort
540 1265 567 1319 δὲ
581 1265 622 1318 καὶ
637 1265 683 1334 τὴν
697 1267 800 1336 σπάθην
813 1269 856 1322 ἐπὶ
869 1271 916 1322 τοῦ
927 1268 1022 1342 ξίφους
1035 1273 1166 1346 εἰρήκασιν
1185 1276 1274 1351 εὕροις

167 1359 199 1417 ἂν
212 1363 239 1418 ἐν
252 1362 394 1436 Εὐριπίδου
408 1365 539 1435 Εὐρυσθεῖ
552 1369 681 1440 σατυρικῷ

254 1464 320 1525 Πᾶς
334 1457 358 1522 δ’
376 1458 553 1540 ἔξεθέρισεν,
570 1460 648 1523 ὥστε
662 1462 785 1541 πύρινον
803 1460 918 1544 στάχυν

253 1561 353 1641 σπάθη
369 1564 502 1625 κολούων
513 1561 674 1644 φασγάνου
684 1563 876 1642 μελαυδέτον.

703 1720 723 1785 3

209 1790 366 1847 Ετοῖίυῐιιιε
379 1808 407 1864 p.
422 1788 489 1863 366.
510 1790 624 1863 Τέρθρου
637 1791 731 1862 ἔλεγον
747 1792 772 1844 οἱ
784 1792 889 1845 παλαιοὶ
903 1793 934 1846 τό
948 1793 1061 1864 ἔσχατον
1074 1797 1115 1851 καὶ
1127 1797 1172 1852 ἐπὶ
1184 1799 1267 1867 τελει,

165 1893 199 1949 ὡς
212 1892 254 1946 καὶ
267 1889 406 1961 Εὐριπίδης
419 1889 447 1942 ἐν
460 1888 590 1958 Εὐρυσθεῖ
602 1891 670 1941 ποιεῖ
682 1889 729 1942 τὸν
740 1887 872 1960 Ἡρακλέα
884 1890 997 1961 λέγοντα
1008 1890 1088 1951 οὕτως

251 1983 390 2065 Πίμφεις
405 1980 428 2045 δ’
447 1980 591 2049 ἐςἍιδου
605 1987 698 2056 ζῶντα
713 1983 764 2047 κού
778 1984 949 2061 τεθνηκότα,

251 2087 301 2151 καί
312 2111 363 2165 μοι
376 2085 411 2148 τὸ
426 2083 550 2166 τέρθρον
565 2089 657 2163 δῆλον
672 2087 893 2166 εἶσπορεθομαι.

698 2225 720 2283 4

204 2296 336 2353 Stobaeus
351 2293 400 2351 60.
416 2313 444 2369 p.
460 2292 529 2365 384.

248 2388 365 2452 Πιστὸν
379 2390 435 2467 μὲν
450 2387 503 2450 οὐν
519 2385 594 2450 εἶναι
608 2386 665 2470 χρὴ
680 2386 733 2450 τὸν
748 2388 885 2453 διάκονον

247 2495 381 2555 τοιοῦτον
396 2489 481 2563 εἶναι,
499 2489 546 2552 καὶ
561 2488 682 2570 στέγειν
696 2492 733 2552 τὰ
748 2495 910 2556 δεσποτῶν.

161 2604 182 2629 “
196 2596 272 2653 Mihi
286 2591 349 2651 εἶναι
364 2615 380 2652 e
394 2594 523 2652 secundo
537 2613 579 2650 vs.
595 2594 653 2650 huc
667 2606 825 2652 retractum
837 2608 867 2654 et
881 2597 912 2653 in
926 2597 984 2654 fine
998 2596 1107 2672 aliquid
1119 2599 1262 2659 excidisse

159 2695 293 2753 videtur:
315 2695 411 2749 πιστόν
424 2694 471 2763 μὲν
485 2690 531 2746 οὐν
543 2696 594 2766 χρὴ
608 2695 654 2747 τόν
667 2694 784 2749 διάκονον
805 2694 822 2730 ⁴*
847 2695 871 2753 .”
893 2696 1054 2753 Murrum.

200 2894 332 2954 Stoboeus
349 2909 395 2968 75.
410 2913 440 2968 p.
455 2910 525 2968 452.
697 2824 717 2886 5

244 2989 352 3069 Μάτην
366 2991 398 3051 δὲ
414 2988 514 3067 θνητοὶ
528 2988 595 3054 τοὺς
610 2989 714 3054 νόθους
729 2987 873 3070 φεύγουσ’
889 2990 947 3071 ἄρα

242 3097 349 3158 παῖδας
363 3091 511 3172 φυτεύειν·
537 3088 569 3156 ὃς
583 3093 641 3171 γὰρ
657 3090 694 3154 ἂν
708 3090 837 3173 χρηστὸς
852 3096 923 3174 φυῇ,

242 3196 277 3258 οὐ
290 3191 406 3272 τοῦνομ’
423 3193 513 3256 αὐτοῦ
526 3192 581 3271 τὴν
595 3194 688 3274 φύσιν
703 3199 865 3277 διαφθερεῖ.

693 3314 713 3375 6

196 3402 329 3461 Stobaeus
344 3419 392 3478 90.
406 3421 436 3476 p.
453 3415 523 3474 505.

240 3501 307 3561 Νῦν
322 3495 345 3559 δ’
361 3495 398 3576 ἤν
413 3521 456 3562 τις
470 3498 558 3559 οίκωυ
572 3498 721 3559 πλουσίαν
736 3495 791 3578 ἔχη
806 3495 932 3578 φάτνην,

239 3605 352 3681 πρῶτος
366 3597 531 3680 γέγραπται
545 3603 604 3660 τῶν
619 3600 763 3662 κακιόνων
779 3597 886 3681 κράτει,

237 3705 275 3765 τὰ
288 3700 312 3765 δ’
330 3698 391 3782 ἔργ’
408 3700 530 3764 ἐλάσσω
545 3699 703 3783 χρημάτων
718 3704 885 3782 νομίζομεν.

192 3908 326 3967 Stobaeus
340 3908 390 3984 96.
405 3928 433 3984 p.
450 3924 519 3982 531.
688 3835 706 3902 7

236 4004 300 4068 Οὐκ
315 4001 368 4068 οἶδ’
384 4004 441 4089 ὅτιρ
456 4003 514 4086 χρὴ
529 4005 631 4066 κανόνι
645 4006 697 4070 τὰς
709 4009 828 4085 βροτῶν
842 4005 933 4085 τύχας

235 4108 327 4187 ὀρθῶς
338 4103 496 4187 άθρήσαυτ’
514 4104 623 4169 εἰδέναι
637 4104 671 4168 τὸ
686 4106 842 4187 δραστέον.

188 4309 287 4372 Schol.
301 4311 402 4389 Eurip.
419 4313 531 4371 Hecub.
543 4313 610 4370 821.
624 4315 675 4368 Τόν
688 4226 818 4370 {albam
831 4317 902 4386 φασὶ
914 4317 997 4370 ποιεῖν
1011 4312 1115 4381 εἴδωλα,
1127 4318 1169 4371 καὶ
1180 4319 1249 4386 μετὰ
