2850 4898
209 297 294 361 1014
685 295 834 359 NOTAE.

207 480 244 530 ut
265 487 328 529 non
351 462 564 551 improbabilis
584 465 763 550 conjectura
784 463 876 541 foret,
893 462 917 527 si
932 463 1004 550 quis
1019 478 1154 550 utroque
1169 464 1201 526 in
1218 486 1310 527 versu

208 581 265 632 aut
280 567 385 633 οἶσθας
400 583 456 630 ant
469 566 551 634 οἶδας
565 565 764 630 scribendum
779 590 845 630 esse
859 581 1007 630 censeret.

250 671 289 733 V.
308 670 398 747 1416.
421 666 498 750 λέγ’·
516 669 554 735 ὣς
569 668 634 751 ἔχει
648 694 676 731 τι
691 669 822 749 δεινὸνὴ
839 672 935 749 τόλμη
949 668 986 751 γέ
1000 669 1072 756 σου]
1091 668 1194 753 Vulgo
1204 671 1312 750 τόλμα.

207 774 303 851 τόλμη
318 769 411 834 etiam
425 783 545 833 veteres
560 769 686 834 Atticos
699 771 857 835 interdum
873 771 987 835 dixisse
1001 794 1040 835 ex
1057 770 1230 857 Phrynichi
1245 794 1314 836 ver-

209 872 258 937 bis
270 870 373 958 oolligi
389 885 491 957 potest
506 870 537 933 in
554 871 727 935 Anecdotis
743 871 879 936 Bekkeri
897 873 926 936 Ι.
942 895 974 958 p.
988 872 1040 949 66,
1057 891 1110 956 23.
1144 873 1249 951 Τόλμη
1265 873 1313 936 καὶ

206 977 313 1056 τόλμα,
329 976 445 1054 πρύμνη
460 974 509 1036 καὶ
522 976 650 1054 πρύμνα.
668 974 760 1056 νόρκη
775 977 807 1038 δὲ
823 979 870 1039 διὰ
884 978 937 1038 τοΰ
952 1001 978 1052 η.
1013 975 1148 1054 πρύμνην
1164 973 1312 1059 Sophocli

205 1077 237 1141 in
253 1076 429 1141 Philocteta
444 1077 563 1155 v.482.
590 1093 622 1139 et
637 1076 843 1163 Aristophani
859 1075 891 1139 in
907 1075 1019 1162 Vespis
1032 1100 1063 1138 v.
1075 1096 1151 1161 399.
1174 1098 1312 1161 quorum

210 1179 242 1243 in
261 1177 422 1242 codicibus
447 1179 583 1258 πρύμναν
611 1176 738 1264 legitur,
754 1178 982 1243 restituendum
1004 1201 1070 1241 esse
1091 1177 1312 1242 animadvertit

205 1280 384 1345 Elmsleius.
430 1278 491 1342 Sed
507 1280 581 1361 δίψη
596 1278 629 1341 in
645 1278 840 1366 Choephoris
859 1278 1003 1366 AEsehyli
1025 1303 1055 1341 v.
1069 1281 1141 1364 756.
1168 1293 1260 1352 recte,
1275 1295 1312 1345 ut

206 1383 328 1469 opinor,
343 1381 489 1468 repudiat
506 1382 721 1445 Buttmanuus
735 1380 765 1443 in
779 1404 912 1466 gramm.
927 1380 987 1444 vol.
1002 1382 1052 1445 ΙΙ.
1068 1404 1098 1467 p.
1108 1397 1182 1467 395.
1214 1383 1313 1460 τόλμα

205 1500 312 1551 autern
334 1483 490 1572 producta
510 1482 608 1547 altera
630 1483 750 1569 syllaba
772 1506 810 1546 ne
833 1482 904 1569 quis
924 1482 1006 1547 forte
1021 1483 1151 1546 Pindari
1166 1483 1313 1570 exemplo

204 1586 353 1654 defendat
369 1584 496 1671 Olymp.
510 1585 659 1661 IX,122.
677 1586 789 1663 XIII,
803 1606 852 1665 14.
868 1586 1028 1650 sciendum
1044 1601 1089 1650 est
1112 1586 1238 1650 Doricae
1250 1585 1311 1649 hoc

209 1713 277 1755 esse
291 1688 432 1754 dialecti:
459 1703 495 1751 ut
509 1687 585 1750 nihil
600 1710 717 1751 caussae
739 1689 779 1751 sit
798 1712 855 1752 cur
870 1688 963 1771 γέννᾶ
983 1688 1015 1752 in
1032 1687 1197 1774 anapaestis
1219 1711 1312 1773 spon-

206 1793 303 1858 diacis
316 1791 402 1879 apud
419 1790 605 1877 Euripidem
621 1789 652 1853 in
667 1790 759 1873 γενεά
774 1805 928 1869 mutetur,
943 1791 975 1854 in
993 1791 1126 1855 Hecuba
1141 1812 1171 1854 v.
1185 1791 1255 1855 160.

379 1895 423 1962 τίς
437 1896 541 1973 ἆμόνει
555 1919 624 1973 μοις
648 1895 720 1957 ποία
734 1893 838 1975 γέννα,

379 1998 451 2060 ποία
465 1999 497 2060 δὲ
511 1999 608 2064 πόλις.

204 2132 236 2182 et
250 2116 281 2180 in
299 2115 464 2202 Iphigenia
478 2114 612 2179 Taurica
627 2138 660 2178 v.
672 2134 744 2199 154.

376 2219 456 2296 οἴμοι
469 2221 598 2298 φροῦδος
613 2215 717 2298 γέννα.

251 2336 290 2400 V.
303 2337 396 2417 1481.
421 2335 522 2418 λέγεις
543 2334 644 2417 λέγεις
668 2360 718 2414 μοι
741 2336 827 2398 δόλια
853 2333 904 2397 κατ’)
928 2337 1012 2416 σαφῆ
1036 2332 1119 2418 τάδε]
1146 2334 1199 2397 Ita
1220 2333 1308 2400 hunc

207 2461 331 2503 versum
348 2437 556 2524 redintegrari
568 2437 729 2525 duplicato
736 2437 846 2519 λέγεις,
858 2435 946 2522 quod
960 2457 1062 2522 nuper
1072 2435 1165 2499 etiam
1176 2437 1312 2502 Bothius

207 2540 289 2605 fecit.
329 2541 521 2626 Frequentia
536 2538 567 2602 in
591 2539 650 2602 hoc
667 2561 780 2625 genere
801 2551 874 2602 sunt
894 2552 1022 2624 peecata
1042 2537 1251 2617 librariorum,
1267 2539 1310 2603 ab

205 2641 318 2707 criticis
333 2664 416 2729 saepe
431 2663 493 2704 uon
508 2640 733 2719 animadversa,
748 2639 846 2705 veluti
860 2641 892 2704 in
908 2642 1019 2706 Oreste
1031 2664 1062 2705 v.
1077 2641 1146 2704 188.
1157 2640 1212 2705 ubi
1228 2641 1312 2728 lege-

205 2744 301 2809 batur

378 2851 448 2911 XO.
472 2817 558 2928 θρόειΙ
569 2847 612 2912 τίς
628 2851 723 2909 κακῶν
738 2848 863 2910 τελευτὰ
876 2844 969 2924 μένει.

382 2954 452 3013 ΗΛ.
476 2953 590 3012 θανεῖν.
613 2950 644 3011 τέ
656 2947 680 3011 δ’
697 2949 775 3011 όλλο
791 2949 818 3029 γ’
834 2951 905 3012 εἴπω
919 2976 926 3020 ;

203 3066 287 3116 recte
300 3051 342 3116 ab
357 3049 499 3136 plurimis
513 3048 600 3114 libris
613 3050 701 3114 abest
720 3049 803 3113 istud
819 3048 847 3137 γ’
865 3054 946 3123 εἴπω,
972 3072 1026 3114 seu
1043 3064 1079 3113 ut
1094 3048 1126 3112 in
1141 3047 1209 3112 aliis
1228 3048 1306 3135 legi-

204 3169 258 3219 tur
271 3155 300 3236 γ’
316 3152 416 3220 εἴπατε
442 3152 527 3217 unde
548 3167 633 3239 patet
654 3151 852 3216 scribendum
878 3175 953 3229 esse,
968 3151 1068 3238 quod,
1081 3150 1140 3215 nisi
1161 3173 1211 3214 me
1225 3150 1307 3215 fallit

204 3255 364 3334 memoria,
375 3255 443 3340 jam
459 3255 500 3318 ab
516 3253 576 3319 alio
591 3254 786 3342 propositum
801 3253 877 3333 vidi,

378 3362 481 3420 θανεῖν
496 3360 609 3419 θανεῖν·
630 3358 662 3420 πί
674 3356 697 3421 δ’
713 3359 813 3429 όλλο;

206 3460 246 3523 In
262 3457 492 3522 Andromachae
507 3480 598 3521 versu
618 3460 711 3521 1208.

368 3563 471 3623 θανεῖν
486 3564 590 3623 θανεῖν
605 3585 653 3637 σε,
668 3559 797 3641 πρέσβυ,
813 3564 889 3644 χρῆν
903 3557 997 3641 πόρος
1010 3557 1131 3632 τέκνων,

203 3680 303 3742 quum
319 3659 435 3746 pariter
449 3659 581 3723 alterum
593 3664 696 3724 θανεῖν
706 3660 738 3724 in
753 3660 941 3747 quibusdam
957 3658 1117 3723 codicibus
1132 3657 1308 3737 excidisset,

203 3758 319 3824 librarii
332 3760 383 3824 alii
398 3759 491 3842 πόρος
506 3766 611 3840 Πηλεῖ
625 3761 748 3842 τέκνων,
763 3763 815 3826 alii
829 3760 922 3844 πάρος
936 3768 995 3825 τῶν
1011 3765 1074 3824 σῶν
1088 3760 1200 3826 τέκνων
1213 3760 1309 3825 inter-

203 3860 361 3947 polarunt.
397 3865 436 3928 In
454 3864 594 3929 Hercule
608 3865 732 3930 furente
747 3888 776 3928 v.
791 3866 865 3949 897.
886 3863 1018 3928 alterum
1034 3862 1122 3949 quod
1136 3879 1306 3929 evanuerat

204 3964 311 4028 οὔποτε
326 3963 446 4029 restitui
462 3980 493 4030 et
507 3965 623 4030 ibidem
640 3990 668 4029 v.
681 3986 755 4050 919.
777 3966 852 4048 λέγε
866 3963 1034 4052 όιιρΙίαανὶ.

247 4081 286 4143 V.
305 4081 397 4162 1484.
421 4085 621 4164 κρυπτόμενον
631 4082 723 4166 λέχος
736 4082 903 4172 ηὐνάσθην]
922 4086 962 4147 In
977 4084 1072 4170 hujus
1087 4105 1195 4146 versus
1205 4097 1307 4147 metro

202 4204 260 4267 per
282 4205 314 4246 se
336 4183 411 4246 nihil
433 4197 479 4248 est
503 4183 589 4270 quod
611 4183 683 4272 quis
704 4183 922 4272 reprehendat,
937 4184 990 4250 sed
1006 4186 1219 4272 proximorum
1236 4208 1307 4248 ver-
