2850 4898
210 289 274 350 850
649 294 878 354 ΕΥΡΙΠΙΔΟΥ

295 471 427 550 μάλιστα
441 470 497 549 μέν
511 469 540 550 μ’
558 473 641 552 ἓπῆρ’
657 472 825 555 ἐπισκήψας
839 473 945 554 πατὴρ,

297 573 342 636 ὅθ’
356 570 461 655 ἅρματ’
477 572 651 652 εἰσέβαινεν
666 576 708 639 είς
723 574 831 654 Θήβας
845 575 909 638 ίιίν.

209 680 252 734 διὰ
264 679 315 750 γὰρ
328 675 426 731 τούτων
439 678 546 733 ε’ντολᾶς
558 678 656 749 πατρὸς
668 678 802 750 διηγεῖται,
819 678 853 735 ὥς
865 679 1045 749 ἐντειλαμένου
1058 681 1137 734 αὐτοῦ
1156 683 1252 736 κτεῖναι
1265 683 1315 751 τήν

209 777 307 848 μῃτίρα
333 777 373 830 καί
398 778 607 848 καταρασαμένου
625 776 714 841 αὐτοῦ,
735 776 758 829 κί
778 776 812 846 μή
833 776 979 845 ἀποκτείνῃ,
1002 775 1127 849 ἀκαρπίαν
1146 798 1176 832 ττ
1196 780 1246 851 γῆς
1271 780 1316 834 καὶ

209 873 335 938 (ίτεκνίαν,
350 866 386 926 ὧν
400 873 475 927 οὐδὲν
488 870 518 940 ήν
532 871 605 942 ἄξιον
617 876 736 926 τοιοῦτον
749 874 826 927 κακὸν
838 873 981 946 ἀναγκάσω
994 876 1102 943 ποιῆσαι
1115 876 1182 932 τινά.

748 983 766 1030 2

251 1070 349 1127 Schol.
364 1068 446 1126 Pind.
457 1069 546 1128 Nem.
562 1086 591 1142 4,
604 1087 653 1143 32.
697 1069 894 1144 Ἀμφιτρύωνος
908 1072 965 1127 ἇντί
977 1077 1172 1163 πατρωνυμικοῦ
1185 1076 1232 1128 τοῦ
1246 1072 1312 1144 Ἀμ-

210 1169 472 1241 φιτρυωνίδου·-ὦς
485 1171 527 1224 καί
536 1168 652 1242 ’Ὅμηρος
664 1171 737 1242 λέγει
749 1169 898 1242 ΙὙπερίονος
911 1169 1028 1224 Ἠελίοιο
1041 1166 1098 1229 ἀντί
1111 1169 1312 1243 τοΰὛπιριονί-

209 1267 267 1331 δον,
282 1267 323 1320 καὶ
335 1265 475 1339 Εὐριπίδης

289 1355 333 1422 Ὅ
348 1385 397 1422 σοι
411 1363 543 1442 χρυσοῦν
558 1359 700 1433 ἆποίλεθ,
718 1359 859 1424 Οἰδίπους
874 1357 898 1422 δ’
914 1360 979 1438 ἐμὲ,

295 1464 427 1542 χρυσοῦν
442 1462 572 1542 ἐνεγκὼν
586 1462 679 1542 ὅρμου
694 1463 735 1527 είς
745 1458 877 1543 Ἀργους
892 1462 992 1524 πόλιν.

210 1563 246 1619 V.
261 1581 286 1622 1.
307 1575 469 1639 corruptus.

250 1747 371 1804 Photius
385 1758 415 1804 et
430 1745 544 1812 suidas,
560 1748 676 1820 Πενθερὰ
688 1751 725 1822 τῷ
738 1748 841 1822 νυμφίῳ
855 1749 869 1817 ή
884 1751 929 1817 τῆς
942 1751 1018 1821 κόρης
1031 1750 1123 1822 μήτηρ,
1133 1753 1175 1806 καί
1184 1754 1310 1825 πενθερὸς

210 1847 224 1898 ὁ
237 1845 332 1917 πατήρ.
353 1845 493 1917 Εὐριπίδης
506 1845 535 1899 δὲ
549 1846 668 1916 γαμβρὸν
681 1845 760 1898 αὐτὸν
772 1846 842 1916 παρὰ
854 1845 928 1916 τάξιν
941 1846 1022 1918 λέγει’
1054 1848 1068 1898 ὁ
1086 1851 1151 1918 γοῦν
1165 1846 1312 1917 Ἀλκμαίων

209 1947 247 2018 τῷ
259 1945 341 2015 Φῃγκῖ
352 1945 421 2013 φησι

297 2037 358 2100 Καί
371 2035 410 2111 σ’,
426 2035 449 2099 ὦ
464 2038 576 2119 γεραιὲ,
592 2036 647 2115 τήν
661 2061 694 2100 τε
709 2041 800 2100 παῖδα
813 2036 853 2115 μὴ
868 2040 924 2121 δῷς
939 2038 1014 2117 ἐμοὶ,

295 2138 431 2221 γαμβρὸς
445 2140 544 2219 νομίζῃ
560 2139 607 2202 καί
621 2140 717 2220 πατὴρ
730 2137 828 2220 σωτήρ
842 2140 867 2201 τ’
883 2140 959 2218 ἒμιίς.

210 2241 315 2300 suidas
328 2242 375 2312 τήν
388 2264 417 2296 τε
430 2244 509 2298 παῖδα
520 2244 555 2313 μή
569 2243 629 2300 δοὺς
644 2244 701 2313 κ’μοί
713 2245 833 2315 γαμβρὸν
846 2246 940 2314 νόμιζε.

750 2359 773 2417 4

251 2441 425 2517 Hesychius,
435 2440 595 2515 Ἀργαίνιινι
625 2442 775 2497 λευκαίνειν.
797 2443 936 2515 Εὐριπίδης
953 2443 1108 2512 Ἀλκμαίωνι
1121 2444 1164 2498 διὰ
1175 2444 1309 2514 Ψωφῖδος.

209 2537 379 2596 Eustathius
393 2557 423 2613 p.
440 2555 526 2611 1430,
541 2536 590 2593 62.
625 2536 738 2592 Ἐκεῖθεν
751 2539 792 2592 καὶ
805 2538 929 2611 ὀργᾶντες
942 2544 1031 2613 ταῦροι
1044 2541 1114 2612 παρὰ
1127 2541 1257 2614 Πινδάρῳ,
1268 2542 1310 2594 καί

209 2636 338 2708 θργαίνκιν
350 2636 381 2689 τὸ
394 2635 536 2689 λενκαίνειν
548 2633 607 2706 παρ’
622 2634 747 2705 Εὐριπίδῃ
762 2634 789 2688 ἐν
798 2632 962 2704 Ἀλκμαίωνι.

747 2743 766 2811 5

252 2816 427 2893 Hesychius,
442 2816 567 2887 Ἀτινήςι

290 2909 377 2976 Ἥκω
391 2911 414 2975 δ’
431 2912 535 2991 ἀτενής
549 2913 600 2975 ἀπ’
615 2913 704 2975 οἴκων

209 3018 349 3090 Εὐριπίδης
358 3017 513 3088 Ἀλκμαίωνι
523 3021 560 3092 τᾷ
572 3017 615 3072 διὰ
627 3017 760 3088 Ψωφῖδος.

442 3213 666 3273 ΑΛΚΜΑΙΩΝ
690 3213 719 3272 Ο
749 3213 821 3271 AIA
844 3214 1072 3274 ΚΟΡΙΝΘΟΥ.

250 3416 348 3475 Schol.
371 3414 492 3473 Hesiod.
512 3413 562 3472 Sc.
582 3414 716 3472 Βαναία
736 3328 801 3471 eid.
817 3413 1051 3473 Schellersheim.
1072 3417 1149 3492 apud
1168 3418 1306 3479 Creuzer.

207 3515 354 3574 meletem.
368 3515 390 3573 I.
406 3530 435 3586 p·
446 3513 496 3587 65.
513 3511 617 3584 Ὠσπερ
631 3513 659 3568 ἐν
671 3512 784 3585 Ὀρέστῃ
797 3522 816 3543 “
827 3514 890 3586 σίγα
904 3515 976 3587 σίγα,
985 3517 1077 3570 λευκὸν
1090 3514 1162 3587 ίχνος
1175 3517 1307 3590 α’ρβύλῃς”

207 3616 249 3669 καὶ
259 3613 286 3669 ίν
298 3613 453 3685 Ἀλκμαίωνι
466 3615 503 3686 τῷ
516 3611 559 3666 διὰ
573 3611 699 3682 Κορίνθου
714 3615 734 3642 “
745 3611 808 3665 Φίλε
821 3612 885 3680 φίλι
900 3615 1016 3685 πρόβατε
1029 3616 1095 3684 μόλε
1108 3616 1157 3671 τίς·
1172 3616 1187 3667 ὁ
1201 3616 1230 3671 δὲ
1241 3638 1308 3671 πο.

207 3711 288 3767 δαπὸς
300 3713 315 3764 θ
329 3713 401 3782 ξένος
416 3709 550 3781 Κορίνθιος
564 3709 641 3778 ἔμολε
655 3707 808 3780 ἆγχίαλος.”
847 3707 1034 3765 Hermannus

293 3807 385 3868 Φίλαι
400 3805 497 3885 φίλαι,

291 3908 434 3988 πρόβατε,
450 3908 570 3986 μόλετε·
600 3906 644 3971 τίς
657 3906 717 3978 ὅδε,
733 3904 866 3972 ποδαπδς
879 3907 896 3968 ὁ
910 3905 993 3984 ξένος

293 4011 459 4090 Κορινθίοις
474 4008 585 4088 ἔμολεν
598 4009 744 4092 ἀγχίαλος
758 4035 764 4080 ;

247 4197 381 4256 Stobaeus
397 4196 446 4255 88.
462 4216 489 4274 p.
503 4213 572 4271 500.
745 4127 762 4189 7

289 4289 334 4354 Ὠ
348 4297 405 4355 παῖ
417 4292 573 4374 Κρέοντος,
591 4293 629 4358 ὥς
643 4293 751 4370 ἀληθὲς
764 4292 802 4371 ήν
817 4294 874 4374 ἄρα
