2850 4898
504 320 849 381 ΑΠΟΣΠΑΣΜΑΤΙΑ,
1160 314 1225 382 875

167 589 361 665 Stobaeus91.
377 608 406 665 p.
424 605 493 666 507.
652 520 693 587 33

212 689 378 757 Πλουτεῖς;
403 686 419 747 ὃ
434 687 563 750 πλοῦτος
578 679 601 745 δ’
617 683 728 761 ἀμαθία
742 683 844 746 δειλόν
859 679 885 746 θ’
900 679 971 761 ἅμα.

167 891 266 951 Schol.
281 890 362 949 Pind.
379 891 463 966 Pyth.
480 891 520 957 II,
536 907 586 967 54.
615 822 743 964 Πειῖδάτάς
755 891 816 949 τοὺς
828 893 892 946 κατὰ
905 890 1020 962 πέλαγος
1033 890 1136 958 λῃστάς
1147 889 1225 961 λέγο-

125 1014 182 1062 μεν,
197 991 288 1063 κυρίως
302 991 330 1044 δέ
344 990 404 1046 τοὺς
415 990 443 1044 ἐν
456 991 510 1064 ὁδῷ
522 994 734 1063 κακουργοῦντας,
743 988 803 1062 παρ’
811 984 832 1043 ’ῶ
846 989 878 1058 δὴ
892 990 932 1043 καί
946 987 1069 1060 α’δουρούς
1079 987 1173 1043 αὐτοὺς
1181 987 1225 1040 λέ-

125 1111 227 1162 γουσιν.
248 1088 388 1161 Εὐριπίδης
402 1088 430 1142 ἐν
442 1085 577 1160 Ἀρχελάῳ

208 1179 338 1246 Ἔπαυσ’
355 1180 492 1262 ὁδουροὺς
506 1185 666 1259 λυμεῶνας.

657 1318 699 1384 35

168 1388 301 1445 Stobaeus
317 1405 365 1463 29.
382 1407 409 1464 p.
424 1387 489 1463 198.

212 1483 257 1547 Τδ
273 1486 399 1567 συνεχὲς
413 1484 502 1565 ἔργου
516 1482 627 1549 παντὸς
641 1482 771 1564 εὑρίσκει
785 1480 880 1548 τέλος.

659 1603 702 1687 36

169 1689 304 1747 Stobaeus
320 1708 368 1747 20.
383 1708 411 1765 p.
432 1704 497 1763 171.

216 1784 356 1852 Πολλοὺς
371 1784 395 1849 δ’
411 1787 428 1848 ὁ
443 1785 533 1866 θυμὸς
548 1788 564 1849 ὁ
577 1784 672 1868 μέγας
686 1783 803 1849 ῶλεσευ
816 1790 935 1867 βροτῶν

214 1889 234 1966 ἤ
248 1884 273 1951 τ’
289 1890 440 1967 ἀξυνεσία,
456 1891 508 1953 δύο
523 1890 600 1953 κακῶ
615 1892 655 1973 τῷ
670 1886 823 1971 χρωμένῳ.

618 2145 739 2204 ΑΎΓΗ.

171 2271 269 2331 schol.
283 2272 431 2347 Aristoph.
441 2271 517 2328 Rau.
534 2289 619 2328 1112.
630 2290 721 2346 quum
730 2270 887 2348 AEschylus
901 2270 938 2328 de
949 2270 1089 2347 Euripide
1102 2270 1230 2339 dixisset,

131 2374 162 2428 οὔ
170 2373 338 2447 προαγωγοὺς
351 2370 475 2443 κατέδειξ’
483 2371 559 2428 οὗτος
573 2373 613 2426 καὶ
627 2369 765 2428 τικτούσας
778 2372 806 2426 έν
819 2375 875 2428 τοῖς
889 2373 975 2444 ἱεροῖς,
986 2382 1118 2435 annotat,
1129 2374 1231 2445 ἔγραψε

131 2473 182 2545 γάρ
195 2472 241 2541 τὴν
254 2474 341 2543 Αὔγην
354 2471 497 2525 ὠδίνουσαν
508 2470 535 2524 έν
548 2474 585 2544 τῷ
600 2471 668 2544 ίερῶ.
700 2469 805 2526 Strabo
819 2466 903 2527 XIII.
919 2488 950 2545 p.
961 2484 1018 2546 915
1035 2469 1063 2526 b.
1093 2470 1232 2543 Εὐριπίδης

132 2569 155 2624 δ’
170 2570 220 2623 ὑπὸ
233 2569 325 2623 Ἀλέου
339 2571 408 2640 φησὶ
420 2571 468 2623 τοῦ
482 2571 528 2638 τῆς
542 2571 627 2641 Αὔγης
640 2569 738 2640 πατρὸς
751 2569 787 2624 είς
800 2569 914 2640 λάρνακα
926 2569 974 2638 την
987 2571 1073 2640 Αὔγην
1086 2569 1231 2624 κατατεθεῖ-

132 2688 183 2721 σαν
195 2665 247 2736 ἅμα
260 2670 297 2740 τῷ
309 2666 382 2720 παιδὶ
395 2667 507 2740 Τηλέφῳ
521 2666 754 2735 καταποντωθῆναι,
768 2664 878 2734 Ἀθηνᾶς
896 2664 925 2719 δέ
939 2662 1047 2737 προνοίη
1060 2664 1107 2734 τὴν
1118 2665 1232 2736 λάρνακα

131 2761 320 2832 περαιωθεῖσαν
333 2761 452 2816 έκπεσεῖν
465 2761 502 2817 εἷς
514 2762 545 2815 τδ
560 2763 647 2832 στόμα
660 2763 707 2816 τοῦ
721 2757 825 2816 Καΐκου·
860 2762 907 2815 τὸν
927 2761 955 2815 δέ
974 2761 1119 2832 Τεύθραντα
1137 2759 1232 2815 άναλα-

131 2859 213 2923 βόντα
227 2859 260 2911 τά
273 2860 391 2927 σῶματα,
406 2861 438 2926 τῇ
451 2859 499 2928 μέν
513 2857 547 2914 ῶς
556 2862 654 2931 γαμετῇ
668 2857 829 2930 χρήσασθαι,
845 2861 882 2932 τῷ
895 2857 924 2912 δέ
938 2858 972 2914 ῶς
985 2859 1077 2912 εἀυταῦ
1090 2857 1171 2913 παιδί.

676 3011 687 3052 Ῑ

175 3079 308 3136 Stobaeus
326 3080 371 3137 18.
387 3097 415 3154 p.
431 3078 496 3151 164.

220 3179 287 3239 Νῦν
301 3172 325 3237 δ’
342 3173 422 3241 οἶνος
437 3172 580 3253 ἓξέστησέ
593 3171 632 3252 μ’·
657 3174 797 3253 ὁμολογῶ
812 3170 845 3235 δέ
859 3197 897 3236 σε

221 3280 343 3343 ἀδικεῖν·
365 3276 399 3340 τὸ
414 3275 438 3340 δ’
455 3275 567 3357 ἀδίκημ’
583 3273 694 3358 ἐγένετ’
711 3274 767 3358 οὐχ
783 3276 929 3340 ἑκούσιον.

177 3511 270 3568 Clem.
284 3509 367 3567 Alex.
382 3506 492 3566 Strom.
507 3506 576 3565 VII.
592 3526 620 3583 p.
634 3437 701 3580 71:-
718 3505 762 3563 ed.
775 3504 857 3582 Sylb.
878 3505 917 3562 111
930 3469 959 3564 δέ
971 3509 1012 3563 καὶ
1026 3509 1041 3578 ἡ
1055 3513 1126 3583 Αὔγη
1140 3511 1234 3564 bumo-

135 3612 281 3684 λογουμένη
307 3610 374 3683 πρὸς
391 3609 439 3678 τὴν
451 3606 561 3676 Ἀθηνᾶν
580 3607 622 3660 ε’πὶ
638 3609 675 3679 τῷ
695 3605 862 3676 χαλεπαίνειν
880 3606 944 3674 αι’ντῇ
957 3608 1075 3678 τετοκυῖα
1088 3608 1116 3663 έν
1129 3611 1166 3681 τῷ
1179 3610 1238 3683 ἱερῷ

136 3710 210 3783 λέγει

610 3800 712 3861 Σκῦλα
724 3798 781 3876 μὲν
794 3798 988 3880 βροτοφθόρα

223 3906 338 3988 χαίρεις
351 3905 452 3986 ὁρῶσα
467 3901 514 3965 καὶ
529 3905 640 3983 νεκρῶν
656 3902 780 3983 ἐρείπια,

224 4007 276 4071 κού
291 4005 381 4088 μιαρά
396 4030 446 4068 σοι
460 4002 540 4068 ταῦτ’
556 4003 649 4074 ἔστιν,
667 4006 694 4067 εί
708 4001 732 4066 δ’
749 4003 808 4084 ε’γῶ
822 4000 931 4080 ’τεκον,

225 4109 323 4173 δεινὸν
337 4107 396 4172 τόδ’
412 4108 488 4190 ἡγεῖ.

139 4225 206 4282 Huc
217 4221 360 4281 Valcken.
375 4219 465 4280 refert
478 4220 603 4299 glossam
615 4216 920 4295 Hesychii,'A11m'pro›:
936 4217 1075 4285 ἀπέβαλες.
1100 4219 1239 4291 Εὐριπίδης

139 4326 219 4396 ιογη.
