2844 4882
206 273 270 339 890
645 277 873 338 ΕΎῬΙΠΙΔΟΎ

739 444 776 506 18

247 547 380 607 Stobaeus
394 566 442 622 42.
458 567 486 624 p.
497 549 564 621 276.

293 644 345 721 Μὴ
361 648 467 721 νεῖκος,
485 640 508 705 οἰ
521 646 632 725 γεραιὲ,
650 643 794 724 κοιράνοις
808 645 901 717 τίθου,

292 745 397 825 σέβειν
412 747 444 809 δὲ
459 746 526 813 τοὺς
540 750 717 827 κρατοῦντας
732 747 854 831 ἀρχαῖος
869 745 969 826 νόμος.

642 991 869 1051 ΕΡΕΧΘΕΎΣ.

246 1106 417 1165 Plutarchus
431 1107 537 1164 Moral.
553 1128 581 1183 p.
592 1124 651 1180 310
663 1107 690 1164 d.
711 1107 849 1180 Ἐρεχθεὺς
862 1111 928 1180 πρὸς
940 1112 1079 1180 Εὔμολπον
1092 1113 1215 1179 πολεμῶν
1229 1114 1313 1182 ἔμαθε

204 1208 315 1276 νικῆσαι,
331 1206 375 1259 έίιν
387 1206 434 1275 τὴν
451 1205 579 1277 θυγατέρα
591 1203 721 1276 προθύση’
738 1205 778 1258 καί
793 1205 1001 1277 συγκοινωνήσας
1014 1211 1046 1276 τῇ
1059 1211 1158 1280 γυναικὶ
1171 1212 1312 1282 Πραξιθέᾳ

204 1304 335 1377 προέθυσε
348 1304 394 1372 τὴν
407 1304 497 1359 παῖδα.
523 1304 646 1372 μέμνηται
660 1302 799 1373 Εὐριπίδης
813 1304 840 1357 έν
852 1301 980 1375 Ἐρεχθεῖ.

748 1433 760 1475 1

247 1509 341 1567 Clem.
354 1505 438 1563 Alex.
455 1501 563 1560 strom.
574 1499 627 1556 Vl.
642 1520 672 1575 p.
682 1497 742 1575 619
756 1500 785 1557 d.
809 1500 978 1560 Eustathius
993 1523 1023 1579 p.
1038 1503 1125 1580 1058,
1138 1523 1167 1578 4.

648 1597 693 1652 Ἐν
705 1599 831 1674 ἀστρώτῳ
843 1601 914 1674 πέδην

326 1698 441 1760 εὕδουσι,
455 1698 548 1768 πηγαῖς
562 1694 584 1750 δ’
599 1696 647 1765 οὐχ
661 1695 827 1767 ὑγραῖνονσιν
839 1699 929 1754 πόδας.

205 1801 249 1857 De
264 1798 361 1862 sellis,
379 1794 489 1854 oraculi
503 1792 647 1850 Dodonaei
666 1792 874 1861 sacerdotibus,
894 1795 943 1869 qui
961 1796 1140 1863 ἀνιπτόποδες,
1155 1804 1314 1870 χαμαιεῦναι

204 1907 348 1956 vocantur
362 1895 395 1952 Il.
409 1917 439 1959 π,
453 1910 520 1966 224.
542 1892 603 1948 haec
617 1890 704 1947 dieta.

246 1993 309 2071 [Ex
329 1995 384 2051 hac
403 1991 507 2049 fabulae
522 2001 605 2066 parte
620 2006 717 2044 versus
732 1999 776 2046 est
797 1989 833 2045 ab
848 1991 1002 2048 Eustathio
1023 2012 1053 2067 p.
1071 2007 1155 2066 1720,
1170 2010 1218 2067 23.
1248 2013 1313 2052 ser·

205 2105 291 2152 vatus

326 2187 460 2244 Τοῦνθένδ’
474 2187 585 2256 όπίχθυς
597 2187 745 2258 βαρβάρους
759 2187 836 2240 οἰκεῖν
849 2187 924 2244 δοκεῖ).

207 2307 294 2367 quem
309 2283 498 2360 Aristophani
512 2301 571 2339 non
587 2293 667 2340 recte
678 2282 766 2339 tribui
777 2283 892 2340 ostendi
901 2283 937 2341 ad
947 2286 1051 2343 comici
1062 2283 1228 2364 fragmenta
1238 2309 1268 2366 p.
1279 2289 1312 2348 8.

207 2385 242 2443 G.
251 2383 418 2455 Dmnon]

747 2513 765 2557 2

247 2583 382 2662 Append.
406 2581 500 2636 Vatic.
525 2578 563 2642 ll,
581 2578 628 2651 67,
653 2598 681 2652 p.
696 2598 764 2656 292.
791 2585 900 2653 Μίασμα
923 2585 1016 2657 δροόιι
1047 2587 1106 2659 παρ’
1129 2590 1258 2662 Εὐριπίδη
1282 2593 1314 2646 ἐν

205 2686 325 2759 Ἐρεχθεῖ
338 2682 510 2749 αἰνιττόμενον
523 2679 554 2731 τὸ
566 2680 680 2742 Θηβαῖον
693 2682 862 2751 παρανόμημα
875 2683 911 2737 εἰς
924 2684 955 2735 τὸ
969 2683 996 2737 έν
1010 2685 1121 2754 Δωδώνη
1134 2691 1313 2756 μαντεῖον.-

207 2783 342 2855 ἰησέβησαν
355 2783 405 2853 γὰρ
419 2779 455 2834 εἰς
467 2778 514 2845 τὴν
528 2777 619 2848 ἰέρειαν
639 2777 807 2842 εἰσβαλόντες
821 2780 900 2849 αὐτὴν
913 2780 949 2837 εἰς
967 2781 1013 2835 τόν
1032 2783 1060 2836 έν
1073 2784 1184 2852 Δωδώνη
1206 2787 1313 2855 λέβητα

206 2882 425 2953 ζέονταέρωτικῶς
440 2876 601 2930 διατεθεῖσαν
615 2875 651 2930 εἰς
664 2874 707 2929 ἕνα
721 2880 772 2929 τῶν
786 2876 897 2946 θεωρῶν.

249 3077 422 3155 Hesychius,
445 3079 540 3148 Ζεῖνρος
558 3005 907 3147 τριπόρθενονιὸΕὑριπῖδης
927 3077 1052 3151 Ἐρεχθεῖ.
1086 3080 1190 3138 Theon
1214 3084 1311 3142 schol,

207 3182 237 3236 in
252 3178 332 3234 Atat.
347 3175 410 3247 169.
426 3173 565 3245 Εὐριπίδης
578 3174 625 3241 μέν
633 3169 679 3225 οὖν
688 3173 715 3225 έν
724 3171 895 3245 Ἐρεχθεῖτὰς
907 3174 1049 3248 Ἐρεχθέως
1060 3180 1200 3253 θυγατέρας
1213 3181 1314 3241 Ὑάδας

207 3278 275 3351 φησί
288 3274 409 3348 γενέσθαι
423 3273 492 3342 τρεῖς
500 3273 590 3325 οὔσας.

247 3474 381 3532 Stobaeus
396 3490 445 3547 52.
460 3490 489 3545 p.
499 3469 567 3543 360.
744 3402 765 3459 4

292 3553 398 3616 Οὐδεὶς
412 3550 595 3630 στρατεύσας
610 3548 695 3609 ἄδικα
711 3554 770 3614 σῶς
783 3550 876 3628 ἢλθεν
890 3554 992 3619 πόλιν,

246 3760 379 3817 Stobaeus
393 3774 443 3832 49.
459 3776 488 3831 p.
499 3772 568 3832 355.
744 3686 764 3750 5

291 3855 433 3935 Ὀλίγονς
449 3855 558 3916 ἐπαινῶ
573 3859 691 3932 μᾶλλον
706 3851 724 3931 ἢ
739 3855 870 3920 πολλοὺς
886 3859 999 3923 κακούς.

248 4079 381 4137 Stobaeus
397 4094 445 4152 52.
462 4098 488 4152 p.
505 4079 572 4151 360.
746 3991 764 4051 6

290 4174 346 4239 Ὡς
363 4174 419 4235 σὺν
433 4179 528 4235 θεοῖσι
544 4173 610 4237 τοὺς
625 4174 737 4253 σοφοὺς
754 4179 844 4235 κινεῖν
860 4177 928 4254 δόρυ
1034 4232 1037 4236 .

292 4277 495 4358 στρατηλάτας
510 4277 576 4357 χρὴ,
593 4281 650 4336 τῶν
666 4280 741 4337 θεῶν
757 4278 787 4336 δὲ
802 4277 842 4353 μὴ
856 4279 921 4359 βίᾳ.
