2850 4898
530 308 875 369 ΑΠΟΣΠΑΣΜΑΤΙΑ.

238 481 355 560 πρῶτον
370 477 482 560 φρένας
496 479 552 556 μέν
565 477 669 555 ἠπίους
684 477 767 558 ἔχειν
782 477 889 559 χρεόν·

238 585 278 666 τῷ
292 582 426 665 πλουσίῳ
440 605 473 643 τε
487 580 527 660 μὴ
543 579 637 645 διδοὺς
650 584 751 658 μεῖζον
766 578 854 660 μέρος

239 686 307 747 ἴσον
322 683 449 746 σεαυτδν
464 683 604 762 εὐσεβεῖν
618 687 711 745 πᾶσιν
725 683 814 744 δίδου.

239 790 321 849 δυοῖν
335 788 495 866 παρόντοιν
508 783 693 865 πραγμάτοιν
708 784 781 865 πρὸς
796 782 921 864 θάτερον

238 890 358 971 γνώμην
372 888 552 969 προσάπτων
567 889 621 966 τὴν
636 887 777 950 ἐναντίαν
790 887 882 966 μίσει.

239 993 343 1058 ἀδίκως
358 993 389 1054 δέ
404 991 444 1070 μὴ
459 996 515 1053 κτῶ
530 988 659 1070 κτήματ’,
675 987 712 1068 ἦν
725 991 824 1068 βούλῃ
839 988 936 1053 πολὺν

238 1097 350 1177 χρόνον
364 1093 526 1185 μελάθροις
539 1091 686 1172 ἐμμένειν·
710 1096 747 1156 τδ
762 1096 819 1174 γδρ
836 1098 928 1158 κακῶς

239 1201 336 1265 οἴκους
351 1195 505 1262 ἐσελθόντ’
522 1197 575 1260 οὐκ
590 1196 654 1279 ἔχει
670 1197 827 1276 σωτηρίαν.

239 1300 322 1383 ἐχειν
337 1302 369 1363 δέ
384 1304 484 1381 πειρῶ·
508 1302 594 1361 ταῦτα
610 1301 668 1380 γδρ
683 1295 717 1361 τό
732 1299 757 1359 τ’
774 1297 893 1379 εθγενές

241 1403 368 1469 καὶτοὺς
385 1400 497 1484 γάμους
511 1400 613 1464 δίδωσι
628 1400 696 1466 τοὺς
710 1402 840 1481 πρώτους
856 1399 947 1482 ἔχειν.

240 1506 274 1568 ἐν
287 1509 327 1591 τῷ
343 1503 488 1568 πένεσθαι
502 1503 528 1565 δ’
544 1503 628 1565 ἐστὶν
642 1503 662 1579 ἥ
676 1501 700 1564 τ’
717 1503 827 1579 ἀδοξία,

241 1608 295 1672 κδν
309 1604 327 1686 ᾖ
342 1608 439 1688 σοφός
453 1631 505 1679 τις,
522 1606 541 1683 ἥ
555 1602 579 1666 τ’
597 1606 697 1684 ἀτιμία
711 1605 792 1682 βίου.

240 1711 347 1793 φίλους
361 1711 393 1771 δέ
409 1707 476 1774 τοὺς
489 1709 546 1787 μὶν
559 1707 600 1786 μὴ
615 1713 772 1790 χαλῶντας
788 1708 821 1769 ἐν
834 1708 938 1787 λόγοις

241 1812 376 1891 κέκτησο,
392 1809 460 1876 τοὺς
474 1812 506 1873 δέ
521 1809 596 1890 πρὸς
609 1808 698 1892 χάριν
713 1809 769 1872 σὺν
783 1809 873 1887 ἡδονῇ

240 1919 275 1994 τῇ
291 1918 330 1993 σῇ
346 1913 490 1993 πονηροὺς
505 1916 634 1994 κλῇθρον
650 1911 771 1994 εἰργέτω
790 1911 906 1993 στέγης.

240 2019 357 2097 ὁμιλίας
371 2041 404 2079 τε
419 2018 471 2082 τδς
485 2013 658 2097 γεραιτέρας
672 2015 767 2096 φίλει,

240 2117 395 2184 ἀκόλαστα
409 2117 433 2181 δ’
450 2117 514 2197 ἤθη,
531 2119 654 2197 λαμπρδ
669 2120 824 2197 συγγελᾶν
838 2118 941 2195 μόνον,

239 2224 330 2302 μίσει·
354 2227 485 2303 βραχεῖα
498 2218 604 2301 τέρψις
618 2219 722 2298 ἡδονῆς
737 2222 834 2297 κακῆς.

242 2326 361 2408 ἐξουσίᾳ
376 2325 407 2386 δέ
422 2321 526 2402 μήποτ’
543 2322 684 2404 ἐντυχὼν,
701 2319 818 2397 τέκνον,
835 2315 837 2318 ⁴

242 2426 383 2509 αἰσχροὺς
396 2426 506 2507 ἔρωτας
520 2430 653 2504 δημοτῶν
668 2429 832 2497 διωκαθεΐν,

242 2530 258 2594 δ
275 2530 322 2594 καὶ
337 2531 458 2611 σιδηραν
472 2530 605 2612 ἀγχόνας
619 2526 643 2591 τ’
662 2526 833 2610 ἐφέλκεται,

241 2637 379 2716 χρηστῶν
394 2631 528 2710 πενήτων
542 2630 579 2710 ἤν
597 2656 636 2697 τις
651 2631 779 2713 αἰσχύνη
794 2628 892 2693 τέκνα.

243 2735 291 2797 καὶ
305 2733 372 2799 τοὺς
386 2733 531 2814 πονηροὺς
544 2732 584 2812 μή
598 2730 663 2796 ποτ’
679 2733 778 2810 αὔξειν
794 2733 827 2794 ἐν
842 2731 940 2794 πόλει·

244 2836 325 2900 κακαὶ
339 2839 397 2918 γάρ
413 2835 634 2914 ἐμπλησθέντες
648 2832 666 2912 ἢ
682 2836 871 2913 νομίσματος,

240 2934 259 3015 ἢ
274 2938 384 3002 πόλεος
399 2936 580 3014 ἐμπεσόντες
595 2937 636 3001 εἰς
650 2933 746 3015 ἀρχήν
760 2959 836 3005 τινα,

244 3043 411 3118 σκιρτῶσιν,
428 3035 543 3116 ἀδόκητ’
560 3035 787 3119 εὐτυχησάντων
802 3037 909 3114 δόμων.

242 3138 311 3203 ἀλλ’
328 3137 351 3202 ῶ
367 3137 471 3202 τέκνον
485 3164 536 3217 μοι
551 3139 599 3205 δδς
614 3136 689 3222 χέρ’,
706 3139 744 3204 ὡς
759 3138 826 3219 θίγη
843 3138 947 3218 πατὴρ,

244 3245 291 3306 καὶ
306 3240 395 3325 χαῖρ’·
419 3239 468 3306 ὑπ’
483 3244 582 3309 αἰδοῦς
594 3240 617 3304 δ’
634 3241 668 3305 οὐ
683 3243 755 3304 λίαν
770 3240 948 3319 ἀσπάζομαι·

243 3345 451 3426 γυναικόφρων
463 3346 521 3423 γὰρ
536 3342 625 3421 θυμὸς
640 3341 746 3423 ἀνδρὸς
761 3342 796 3404 οὐ
811 3346 919 3424 σοφοῦ.

106 3484 108 3489 -
158 3448 196 3507 V.
212 3467 255 3506 11.
271 3466 316 3504 12.
334 3465 377 3521 13.
393 3445 527 3505 Stobaeus
541 3466 589 3522 92.
605 3468 633 3524 p.
649 3447 769 3522 511.V.
788 3463 912 3521 14-17.
930 3446 1063 3505 Stobaeus
1079 3448 1126 3526 89.
1142 3469 1170 3525 p.
1187 3466 1254 3524 503.

157 3546 195 3604 V.
219 3545 260 3603 18.
280 3563 324 3621 19.
342 3563 389 3602 20.
412 3542 544 3602 Stobaeus
563 3563 608 3618 14.
624 3564 653 3620 p.
673 3545 738 3618 248.
760 3545 931 3603 Plutarchus
953 3545 1059 3603 Moral.
1075 3565 1103 3621 p.
1119 3546 1155 3620 63
1175 3566 1200 3603 a.
1217 3546 1254 3604 V.

160 3661 208 3701 21.
225 3661 270 3699 22.
290 3660 337 3716 23.
366 3640 499 3699 Stobaeus
520 3660 583 3715 114.
598 3663 627 3718 p.
643 3642 711 3717 585.
734 3641 770 3699 V.
788 3661 834 3715 24.
854 3660 899 3718 ²5·
917 3643 963 3700 26.
980 3661 1027 3717 27.
1059 3642 1191 3700 Stobaeus
1211 3661 1255 3719 ιγ.

157 3761 186 3818 p.
206 3760 215 3798 ι
222 3741 268 3815 56.
284 3738 323 3795 V.
341 3738 389 3796 αθ.
408 3755 453 3812 29.
469 3755 517 3811 30.
534 3756 583 3812 3¹·
606 3737 740 3796 Stobaeus
755 3756 803 3811 42.
818 3758 846 3814 p.
865 3739 931 3811 276.

197 3837 234 3895 V.
255 3855 299 3892 10.
323 3836 408 3909 μίσει]
436 3834 528 3909 στύγει
549 3836 764 3894 Βοὶςςοιιαθίιισ.
786 3836 824 3893 V.
846 3836 969 3893 18-20.
998 3837 1168 3895 Plutarchus
1197 3857 1256 3896 me-

157 3934 256 3991 moriae
278 3952 386 3999 errore,
411 3946 443 3990 ut
462 3933 589 3996 videtur.
613 3933 742 4008 Meropae
764 3932 875 3998 tribuit,
886 3932 967 3990 Ὅθεν
987 3935 1002 4004 ἡ
1020 3934 1127 4007 τραγικὴ
1149 3938 1256 4008 Μερόπη

155 4034 281 4105 παραινεῖ,
297 4031 510 4089 move-unde
524 4031 587 4087 haec
601 4030 678 4088 inter
692 4029 856 4108 fragmenta
867 4030 1055 4107 Cresphontae
1070 4030 1163 4090 relata
1176 4045 1254 4090 sunt.

199 4229 302 4305 Steph.
319 4228 391 4304 Byz.
406 4248 434 4286 v.
450 4232 560 4304 Αἰθίοψ.
687 4159 724 4206 21

239 4326 374 4381 Αἰθιοπίαν
388 4350 427 4382 νιν
440 4327 550 4399 {fiand
566 4329 609 4381 ε’πὶ
621 4327 712 4396 χθόνα.
