2844 4882
520 282 866 346 ΑΠΟΣΠΑΣΜΑΤΙΑ.

679 468 696 513 2

186 549 320 608 Stobaeus
336 570 400 626 ¹03·
417 571 444 628 p.
456 552 525 627 560.
699 468 715 530 7

234 650 301 709 Ποῦ
315 648 350 727 δὴ
364 646 398 710 τά
410 650 507 729 σαφὲς
521 652 656 711 θνατοῖσι
670 654 775 728 βιοτᾶς
789 679 797 722 ;

232 754 331 812 θοαῖσι
345 752 402 828 μὲν
417 751 504 813 ναυσὶ
518 748 612 832 πόρον
626 751 716 814 πνοαὶ
731 756 805 815 κατὰ

231 849 342 929 βένθος
356 849 444 916 άλιον
460 855 602 916 ίθθνουσι·
625 855 717 936 τύχας
731 856 763 917 δὲ
778 859 891 933 θνητῶν

230 953 264 1017 τὸ
279 955 335 1033 μὲν
348 953 415 1035 μέγ’
433 956 474 1022 είς
488 956 574 1019 οὐδὲν
589 957 605 1017 ό
622 955 715 1022 πολὺς
728 954 836 1039 χρόνος

230 1059 398 1136 μεθίστησι,
415 1057 448 1121 τὸ
464 1060 495 1121 δὲ
510 1064 596 1137 μεῖον
611 1059 717 1136 αὔξων.

186 1260 321 1321 Stobaeus
333 1280 382 1339 52.
397 1284 425 1341 p.
438 1266 507 1339 360.
523 1264 587 1321 106.
609 1285 638 1341 p.
652 1177 721 1340 5623.
755 1265 901 1324 Plutarch.
917 1266 1023 1324 Moral.
1034 1286 1061 1342 p.
1074 1267 1132 1342 467
1149 1287 1175 1325 a.
1206 1268 1243 1325 de

145 1359 205 1416 vita
219 1359 307 1419 Hom.
323 1381 353 1438 p.
367 1379 452 1437 1194.
468 1362 514 1420 ed.
530 1362 684 1439 Wyttenb.
696 1363 811 1421 Arrian.
822 1363 934 1421 dissert.
950 1364 1077 1440 Epictet.
1088 1365 1127 1435 11,
1140 1382 1168 1440 5.

229 1461 301 1523 Τοῖς
314 1456 488 1539 πράγμασιν
501 1461 559 1539 γὰρ
574 1457 642 1541 οὐχὶ
656 1462 819 1538 θυμοῦσθαι
833 1461 940 1542 χρεόν·

228 1557 315 1637 μέλει
329 1561 388 1641 γὰρ
402 1559 500 1626 αὐτοῖς
513 1559 609 1624 οὐδέν
634 1558 702 1624 ἀλλ’
719 1561 939 1644 οὑντυγχάνων,

229 1664 267 1724 τὰ
281 1659 426 1742 πράγματ’
443 1663 536 1744 ὀρθῶς
548 1660 585 1741 ἣν
599 1667 674 1743 τιθῇ,
691 1662 821 1745 πράσσει
837 1671 943 1732 καλῶς.

673 1807 712 1873 29

183 1875 292 1932 AElian.
307 1875 345 1933 N.
357 1876 394 1935 A.
406 1876 445 1941 V,
457 1893 507 1951 34.
532 1881 656 1933 Τοιοῦτόν
668 1882 773 1934 τινακαὶ
786 1883 832 1935 τὸν
846 1884 1059 1955 Βελλεροφόντην
1073 1883 1187 1954 ἡρωικῶς
1201 1884 1242 1936 καὶ

142 1973 337 2047 μεγαλοψύχως
350 1975 387 2031 εἶς
400 1975 510 2030 θάνατον
517 1979 761 2048 παρεσκευασμένον
772 1978 846 2048 ὑμνεῖ
854 1981 869 2032 ό
878 1980 1027 2051 Εὐριπίδης·
1049 1979 1169 2047 πεποίηκε
1179 1983 1243 2050 γοῦν

143 2075 208 2143 πρὸς
218 2073 266 2141 τὴν
279 2075 371 2127 ἑαυτοῦ
385 2074 476 2144 ψυχὴν
484 2076 596 2146 λέγοντα
610 2075 688 2129 αὐτὸν

224 2162 317 2228 Ἧσθ
334 2167 375 2232 είς
389 2165 473 2233 θεοὺς
486 2168 543 2245 μὲν
557 2167 695 2247 εὐσεβὴς,
712 2166 753 2230 ὅτ’
770 2165 848 2246 ἦσθ,
866 2169 912 2232 άεὶ

229 2266 324 2346 ξένοις
338 2266 361 2330 τ’
379 2267 521 2351 ἑπήρκεις,
538 2268 597 2333 οὐδ’
615 2269 738 2349 ἔκαμνες
753 2273 794 2337 είς
808 2273 924 2352 φίλους.

648 2432 655 2455 ι
673 2409 716 2473 30

183 2474 330 2550 Aristoph.
347 2475 414 2533 Pac.
426 2491 493 2549 721.

228 2566 297 2650 Ὑφ’
313 2567 417 2651 ἅρματ’
434 2571 531 2634 ἐλθὼν
547 2571 643 2650 Ζηνὸς
658 2573 891 2655 ἀστραπηφορεῖ.

142 2674 192 2731 ubi
207 2675 298 2732 schol.
314 2679 329 2729 ό
343 2678 436 2749 στίχος
448 2679 476 2732 ἐκ
490 2681 704 2751 Βελλεροφόντου
716 2679 867 2752 Εὐριπίδου.

183 2916 202 2938 “
220 2908 286 2966 Huc
300 2909 468 2967 referendus
479 2930 542 2969 esse
556 2912 672 2969 videtur
684 2913 766 2970 loeus
781 2911 857 2988 apud
872 2911 962 2969 schol.
973 2909 1160 2984 Aristophan.
1174 2908 1240 2965 Pac.

142 3005 190 3080 96.
222 3009 272 3062 Καὶ
284 3009 424 3080 Εὐριπίδης
437 3010 560 3081 ἔρχεσθαι
579 3008 712 3077 όλολόζετ’
732 3004 753 3064 ιό
766 3012 883 3082 γυναῖκες
896 3009 931 3070 ὡς
943 3009 1038 3080 ε’λέχθη
1052 3008 1098 3063 θεὰ
1112 3007 1127 3076 ἡ
1140 3007 1241 3078 χρυσόν

141 3106 240 3176 ἔχουσα
251 3110 365 3179 γοργόνα
378 3108 512 3180 ἐπίκουρος
528 3110 613 3162 πόλει.
643 3125 707 3182 quae
731 3105 879 3165 Seidlerus
900 3105 940 3163 sic
962 3103 1139 3168 emendavit,
1161 3101 1240 3158 'OM

140 3200 227 3270 λύζειν
239 3203 295 3258 ἀντὶ
309 3207 356 3258 τοῦ
369 3205 502 3276 εὔχεσθαι,
524 3207 565 3259 καὶ
578 3205 718 3278 Εὐριπίδης

226 3294 408 3373 Ὀλολόζετζ
424 3296 447 3361 ό
461 3304 606 3381 γυναῖκες,
624 3299 661 3364 ὡς
676 3297 749 3377 ἔλθη
765 3301 820 3360 θεὰ

226 3404 341 3482 χρυσῆν
356 3400 470 3484 ἔχουσα
483 3400 606 3483 Γοργόν’
623 3402 774 3483 ἐπίκουρος
787 3401 885 3463 πόλει.

139 3504 217 3562 Nam
233 3525 297 3581 quoe
308 3506 395 3581 paulo
410 3518 480 3564 ante
494 3525 528 3563 ex
543 3505 682 3580 Euripide
697 3516 926 3562 commemorata
940 3515 1017 3570 sunt,
1031 3523 1066 3559 en
1081 3522 1096 3560 e
1111 3502 1239 3560 Bellero-

139 3603 250 3678 phonte
264 3615 381 3679 sumptu
395 3622 457 3660 esse
471 3603 658 3660 annotatur.”
670 3602 834 3659 Ματτιιιιι.

587 3861 784 3919 ΒΟΎΣῙΡΙΣ.

181 4064 314 4121 Stobaeus
326 4064 374 4118 60.
390 4082 419 4139 p.
435 4063 502 4138 384.
683 3996 696 4037 I

227 4160 335 4243 Δοόλιρ
350 4162 408 4241 γὰρ
423 4159 479 4242 οόχ
494 4159 558 4221 οίόν
573 4183 605 4221 τε
620 4160 733 4237 τάληθῆ
747 4157 860 4239 λέγειν,

226 4262 253 4324 εί
267 4262 441 4325 δεσπόταισι
455 4261 495 4340 μὴ
509 4259 661 4342 πρέποντα
676 4260 829 4344 τυγχάνοι.

265 4383 331 4422 σοι.
342 4384 376 4423 ιι.
703 4385 721 4422 ιι
736 4384 753 4423 e
