2844 4882
639 281 868 341 ΕΥΡΙΠΙΔΟΥ

289 472 365 550 ὅσην
381 471 444 554 ἔχει
458 473 607 554 φρόνησιν
621 472 734 552 ἀξίωμό
747 499 790 538 τε.

291 573 345 638 κᾶν
360 577 418 656 γὰρ
434 574 524 654 πένης
538 573 580 639 δν
595 574 727 657 τυγχάνῃ
742 576 872 658 χρηστδς
886 578 994 659 γεγὼς,

290 677 376 756 τιμὴν
392 677 455 760 ἔχει
469 678 534 751 τιν’,
552 679 806 759 ἀναμετρούμενος
820 678 854 743 δέ
867 705 929 747 πως

290 779 323 842 τὸ
338 783 391 842 τοῦ
404 778 514 859 πατρὸς
528 785 669 861 γενναῖον
684 780 801 862 ὠφελεῖ
812 784 920 868 τρόπῳ.

204 909 282 967 Hinc
296 908 400 966 sumsit
408 907 582 982 compilator
591 907 683 965 libelli
693 912 753 982 περὶ
763 911 900 984 εὐγενείας,
913 911 964 986 qui
972 911 1051 970 inter
1062 912 1255 973 Plutarcheos
1266 926 1313 973 est

202 1006 260 1062 vol.
276 1006 312 1062 V.
329 1006 374 1063 ed.
390 1005 483 1081 Wytt.
498 1024 528 1080 p.
544 1004 613 1080 965.

739 1164 751 1206 Ι

245 1249 377 1307 Stoboeus
396 1265 461 1321 ¹04·
476 1268 505 1323 p.
521 1249 589 1323 565.
613 1249 736 1319 Τημενίσι
756 1164 778 1224 4

291 1344 410 1407 Πολλοὶ
424 1348 553 1426 γεγῶτες
567 1345 671 1424 ἄνδρες
685 1343 738 1407 οὐκ
753 1343 853 1428 ἔχουσ’
869 1347 949 1414 ὅπως

290 1448 426 1525 δείξωσιν
442 1445 555 1520 αὐτοὺς,
571 1450 630 1509 τῶν
645 1450 742 1510 κακῶν
757 1449 887 1533 ἐξουσία.

737 1610 773 1674 ¹5

246 1696 380 1754 Stobaeus
399 1711 464 1768 123.
480 1714 509 1771 p.
525 1694 596 1769 617.
624 1697 748 1767 Τηρενίσε

289 1796 360 1857 Τοῖς
373 1795 466 1854 πᾶσιν
481 1791 662 1871 ἀνθρώποισι
677 1795 835 1855 κατθανεῖν
848 1791 943 1872 μένει.

292 1890 390 1955 κοινὸν
405 1889 429 1954 δ’
446 1891 567 1974 ἔχοντες
581 1891 653 1954 αὐτδ
669 1895 753 1956 κοινὰ
767 1892 927 1976 πάσχομεν

289 1994 407 2061 πάντες·
430 1995 464 2057 τὸ
479 1998 536 2076 γὰρ
551 1996 649 2077 χρεὼν
662 1992 792 2074 μεῖζονῆ
807 1996 841 2058 τὸ
855 1997 895 2076 μὴ
910 1998 1018 2079 χρεόν.

734 2142 772 2203 16

244 2227 378 2284 Stobaeus
391 2244 419 2299 4.
434 2246 464 2301 p.
481 2241 529 2300 52.
556 2230 695 2299 Τημενίσιν

288 2323 459 2394 Ἀσύνετος,
476 2323 558 2388 ὅστις
573 2324 606 2385 ἐν
620 2323 710 2407 φόβῳ
724 2324 781 2402 μὲν
795 2322 931 2401 ἀσθενὴς,

290 2426 396 2503 λαβὼν
410 2425 442 2486 δὲ
456 2423 560 2502 μικρδν
574 2428 624 2503 τῆς
638 2427 728 2508 τύχης
741 2430 851 2507 φρονεῖ
861 2424 950 2507 μέγα.

737 2577 773 2642 17

244 2666 345 2722 Pollux
357 2665 408 2732 IX,
428 2680 474 2738 27.
503 2669 562 2721 Τοῖς
582 2668 631 2738 γὰρ
652 2669 768 2734 ποιηταῖς
790 2669 831 2720 καὶ
851 2669 897 2722 τὰς
918 2669 1003 2737 κώμας
1023 2669 1134 2740 λέγουσι
1158 2672 1253 2728 πόλεις
1279 2674 1312 2727 οὐ

203 2766 370 2836 προσεκτέον,
386 2763 418 2820 ὡς
433 2762 492 2834 παρ’
507 2764 702 2834 Εὐριπίδη-όν
715 2764 865 2833 Τημενίδαις

284 2873 410 2939 ’Ἅπασα
427 2875 662 2953 Πελοπόννησος
678 2875 797 2957 εὐτυχεῖ
809 2877 904 2941 πόλις.

244 3101 378 3157 AElianus
392 3100 431 3156 N.
446 3099 481 3155 A.
494 3099 563 3165 Vll,
581 3117 628 3174 39.
650 3099 695 3154 Ἐν
715 3012 818 3156 &estivis
838 3101 987 3170 Τημενίδαις
1007 3102 1039 3155 τδ
1051 3100 1208 3173 Ἡράκλειον
1227 3099 1313 3160 ἆθλον

201 3202 304 3270 ἔλαφον
318 3200 410 3270 κε’ροτα
423 3199 492 3268 ἔχειν
503 3199 517 3250 ό
528 3199 605 3254 αιἰτδς
619 3198 758 3271 Εὐριπίδης
771 3200 841 3269 φησὶ
854 3199 900 3253 τὸν
913 3202 1010 3270 τρόπον
1023 3200 1097 3254 τόνδε
1111 3197 1180 3270 ᾅδων
1195 3194 1313 3256 ζ’Ἦλθε

203 3297 225 3352 δ’
240 3299 282 3351 ε’πὶ
303 3299 468 3368 χρυσόκερων
486 3296 591 3366 ἔλαφον
609 3297 729 3367 μεγάλων
748 3296 835 3349 ἄθλων
856 3293 897 3349 ἵνα
913 3293 1016 3372 (marg.
1030 3295 1120 3353 Gesn.
1134 3299 1238 3368 χρημα)
1255 3299 1313 3353 δει·

203 3398 247 3449 νδν
270 3395 385 3450 ὑποστὰς
406 3392 460 3448 κατ’
484 3392 609 3449 ἐναύλους
632 3392 711 3465 όρέων
735 3393 847 3459 ἀβάτους
873 3393 915 3447 ε’πό
937 3416 966 3447 τε
989 3397 1115 3463 λειμῶνας
1135 3396 1257 3465 ποιμένιό
1282 3419 1313 3451 τε

202 3492 300 3561 ἄλση.”

737 3644 774 3708 Ῑ9

245 3730 419 3806 Hesychiu8‚
435 3733 549 3788 λῖσίωςε
573 3734 667 3796 καλῶς,
683 3732 782 3801 δεξιῶς.
812 3730 951 3802 Εὐριπίδης
964 3731 1076 3803 Τημένῳ.

737 3882 778 3926 20

245 3952 418 4029 Hesychius,
431 3952 590 4022 Ἀνανομῖηνε
616 3953 773 4023 ἀναδασμόν.
801 3954 932 4024 όνανόμειν
945 3955 996 4026 γὰρ
1009 3954 1040 4007 τὸ
1052 3953 1173 4026 μερίζειν.
1201 3956 1315 4026 Εὐριπὶ·

204 4053 372 4126 δηςΤημένῳ.

736 4199 770 4242 21

246 4282 574 4358 Hesychiuss'tlnvpyoc:
602 4285 757 4353 ἀτείχιστος.
784 4284 921 4354 Εὐριπίδης
935 4285 1047 4357 Τημένῳ.
