2850 4898
526 301 872 361 ΑΠΟΣΠΑΣΜΑΤΙΑ.

188 554 323 613 Stobaeus
333 554 381 627 84.
396 573 424 630 p.
438 571 508 629 493.
680 488 722 548 24

233 649 394 729 Φειδιίμεθ
410 651 525 731 ἀνδρῶν
541 651 679 732 εὐγενῶν,
696 653 874 731 φειδώμεθα,

234 751 339 818 κακοὺς
353 749 378 815 δ’
392 751 598 830 ἆποπτιίωμεν,
612 749 714 832 ὥσπερ
729 753 816 831 ἄξιοι.

680 887 719 952 25

187 971 390 1049 Athenagoras
399 973 458 1050 leg.
473 992 525 1049 pro
540 972 646 1030 Christ.
662 992 687 1031 c.
705 973 753 1030 26.
769 993 797 1049 p.
809 990 857 1048 33.
871 974 918 1033 ed.
931 976 1035 1034 Colon.
1059 979 1171 1035 ΚοὶῚνδ
1181 984 1247 1051 μετὰ

146 1069 193 1138 τὴν
205 1069 398 1139 μανίαν-θεὸν
411 1072 550 1142 δοξάζουσι
562 1073 695 1143 γεγονέναι

234 1161 354 1228 Πόντου
365 1164 513 1245 πλάνητες
528 1164 698 1229 Λευκοθέαν
713 1168 877 1246 ε’πιίνυμον,

147 1269 247 1324 καὶτὸν
259 1271 338 1325 παῖδα
350 1270 429 1340 αὐτῆς

234 1364 348 1442 Σεμνδς
362 1365 529 1443 Παλαίμων
545 1365 693 1430 ναυτίλοις
708 1364 893 1444 κεκλήσεται.

631 1617 763 1681 ΙΞΙΩΝ.

189 1734 363 1794 Plutarchus
377 1737 483 1796 Moral.
499 1757 528 1814 p.
542 1755 578 1813 19
590 1756 616 1796 e.
638 1739 669 1793 ‘0
683 1739 823 1811 Εὐριπίδης
836 1740 916 1794 ιίπιῖν
929 1742 1033 1812 λέγεται
1046 1743 1112 1814 πρὸς
1125 1745 1186 1800 τοὺς
1199 1746 1246 1800 τὸν

146 1833 239 1907 Ἰξίονα
258 1837 442 1908 λοιδοροῦντας
453 1837 487 1894 ὣς
500 1836 584 1907 ἀσεβῆ
599 1838 639 1890 καλ
652 1837 754 1908 μιαρὸν,
769 1837 808 1891 Οὐ
821 1837 909 1906 μέντοι
930 1840 1057 1910 πρότερον
1071 1841 1149 1895 αὐτὸν
1162 1841 1190 1896 εἰκ
1202 1844 1249 1911 της

147 1935 242 2003 σκηνῆς
252 1933 380 2006 ἐξήγαγον
393 1932 409 2002 ἦ
423 1937 460 2009 τῷ
472 1938 559 2009 τροχῷ
572 1937 752 2007 προσηλῶσαι.

188 2132 358 2190 Plutarchus
373 2133 479 2191 Mornl.
494 2153 522 2210 p.
537 2132 571 2189 18
587 2151 614 2191 e.
644 2063 777 2189 Stolbaeus
794 2150 822 2188 ι.
837 2150 866 2206 p.
880 2149 928 2204 30.

232 2232 295 2291 Τοῦ
307 2228 364 2306 μὲν
378 2228 490 2292 δικαίου
503 2227 557 2306 τὴν
571 2227 691 2305 δόκησιν
704 2226 826 2306 ἄρνυσο,

235 2330 271 2390 τὰ
285 2327 309 2391 δ’
326 2329 399 2410 ἔργα
413 2333 466 2393 τοῦ
479 2331 540 2391 πᾶν
554 2333 680 2408 δρῶντος
696 2326 768 2390 ἔνθα
784 2331 941 2407 κερδανεῖς.

688 2462 706 2508 2

189 2531 324 2592 Stobaeus
334 2552 383 2608 49.
397 2553 426 2610 p.
438 2550 454 2608 3
458 2547 474 2608 5
479 2548 507 2609 5.

233 2629 281 2693 Τά
294 2653 340 2692 τοι
349 2627 477 2709 μέγιστα
490 2626 575 2691 πάντ’
591 2626 785 2709 ἀπεργάζεται
799 2633 919 2708 βροτοῖς

234 2731 318 2810 τόλμ’
332 2727 410 2793 ὥστε
424 2733 519 2793 νικᾶν·
543 2731 611 2794 οίπε
626 2734 683 2811 γὰρ
698 2730 868 2811 τυραννίδες

232 2831 322 2913 χωρὶς
335 2832 429 2894 πόνου
443 2828 570 2912 γένοιντ’
586 2828 625 2894 ἂν
639 2829 698 2896 οὔτ’
715 2829 794 2896 οἶκος
806 2828 911 2912 μέγας.

148 2936 185 2992 V.
200 2953 225 2993 1.
245 2936 417 3009 ἀπείργασται
430 2935 584 2993 Heathius.

188 3152 287 3212 Schol.
301 3152 398 3228 Apoll.
410 3151 423 3208 Ι
427 3151 465 3217 II,
478 3151 527 3208 62.
550 3150 669 3226 Φλεγύου
683 3065 712 3206 ἓξ
726 3156 786 3209 παῖς
800 3155 841 3207 καὶ
854 3153 945 3225 Ἰξίων,
962 3155 997 3211 ὣς
1010 3157 1051 3211 καί
1064 3157 1205 3228 Εὐριπίδης

233 3250 426 3329 Φλεγύαντος
439 3248 494 3320 υἱὲ,
510 3246 632 3310 δέσποτ’
644 3247 735 3323 Ἰξῖον
747 3251 766 3288 ¹*
791 3252 819 3307 ἦ

188 3455 322 3515 Stobaeus
340 3472 384 3510 ιο.
399 3473 428 3530 p.
442 3453 506 3511 126.
685 3386 707 3442 4

227 3549 336 3617 Ὅστις
346 3554 404 3632 γὰρ
421 3552 470 3614 έπλ
484 3550 518 3613 τὸ
532 3551 629 3615 πλέον
644 3552 726 3635 ἔχειν
740 3549 847 3632 πέφυκ’
864 3550 947 3629 ἀνὴρ,

228 3652 314 3716 οὐδὲν
329 3657 438 3734 φρονεῖ
450 3653 572 3726 δίκαιον,
590 3653 657 3717 οὐδὲ
671 3654 828 3732 βούλεται,

232 3755 333 3834 φίλοις
347 3752 372 3816 τ’
388 3750 506 3833 ἄμικτός
521 3756 586 3818 ἐστι
602 3755 648 3818 καὶ
662 3755 744 3834 πίση
758 3754 856 3817 πόλει.

146 3855 183 3914 V.
197 3875 222 3915 1.
232 3874 262 3932 3.
291 3857 426 3916 Stobaeus
442 3875 488 3914 22.
499 3877 529 3934 p.
549 3857 616 3933 187.
638 3860 688 3918 ubi
702 3859 778 3917 ὅστις
785 3860 836 3932 γὰρ
849 3859 937 3913 ἀστῶν
950 3861 1040 3915 πλέον.

186 4072 310 4151 Diogen.
325 4074 361 4132 L.
380 4074 433 4141 IX,
446 4091 495 4151 55.
517 4078 585 4146 Φησὶ
603 4077 632 4130 δέ
648 3988 794 4148 Φιλςόχορος
807 4077 933 4131 πλέοντος
946 4075 1026 4128 αὐτοῦ
1042 4078 1243 4149 (Πρωταγόρου)

145 4170 174 4227 ίς
190 4173 307 4227 Σικελίαν
322 4173 369 4242 τὴν
386 4176 448 4228 ναῦν
463 4174 706 4243 καταποντισθῆναι,
725 4177 767 4228 καὶ
782 4176 860 4228 τοῦτο
878 4172 1036 4228 αἰνίττεσθαι
1058 4173 1196 4246 Εὐριπίδην
1218 4175 1245 4228 ἐν

146 4264 242 4338 Ἰξίονι.

636 4365 710 4439 τίη
