2850 4898
520 303 865 364 ΑΠΟΣΠΑΣΜΑΤΙΑ.

610 529 772 594 ΦΡΙΞΟΣ.

185 653 363 712 Scholiastes
376 654 527 730 Apollonii
541 655 637 714 Rhod.
651 656 769 730 11,382.
790 655 851 711 ‘on
873 657 902 712 δὲ
922 656 938 726 ἡ
960 658 1040 727 νῆσος
1059 655 1123 729 aim
1144 657 1247 733 ὄρνιθας

142 755 196 825 ἔχει
210 751 369 824 τοξευούσης
382 752 441 811 τοῖς
448 757 552 826 πτεροῖς
566 754 600 811 ὥς
612 756 732 820 βιλεσιν,
748 757 848 828 ίστορεῐ
860 756 901 810 καί
914 755 1054 828 Εὐριπίδης
1067 757 1094 811 ε’ν
1107 758 1202 833 Φρίξερ.

687 894 700 936 Ῑ

183 961 331 1039 Aristoph.
343 962 418 1019 Rnn.
433 961 517 1036 1256.

229 1054 372 1122 Σιδώνιόν
387 1055 451 1120 ποτ’
468 1058 543 1121 ἄστυ
558 1056 677 1136 Κάδμος
692 1058 821 1121 ἐκλιπὼν

228 1159 391 1242 Ἀγήνορος
405 1165 481 1225 παῖς.

142 1266 194 1323 ubi
219 1264 309 1322 schol.
332 1267 390 1318 ἔστι
412 1266 441 1318 δὲ
461 1269 509 1320 τοῦ
527 1264 554 1331 β
576 1265 673 1337 φρίξου
687 1263 828 1337 Εὐριπίδου
848 1263 864 1334 l,
885 1263 963 1336 ἀρχή
984 1265 1015 1319 τδ
1035 1268 1129 1322 λοιπὸν
1149 1267 1177 1321 δι’
1197 1272 1245 1323 τοῦ

142 1365 237 1435 στίχου

573 1453 642 1518 ἵκετ’
660 1457 690 1522 ἒς
705 1454 811 1535 Θήβης
825 1454 928 1519 πέδον.

142 1581 270 1638 Priorem
283 1597 401 1636 versum
412 1589 577 1635 memorent
588 1576 711 1634 Lucien.
733 1576 866 1634 Meci-ob.
884 1594 898 1633 ο
902 1595 930 1651 3.
952 1576 1123 1636 Plutarchus
1137 1579 1243 1640 Morul.

142 1696 172 1753 p.
183 1677 239 1751 837
257 1696 282 1734 e.
312 1675 486 1750 Hesychius,
512 1677 633 1749 Γλυκερῷ
647 1674 776 1748 Σιδωνίῳε
800 1674 884 1746 δρᾶμα
905 1673 936 1727 δι’
955 1673 1039 1741 ε’στιν,
1053 1675 1081 1729 ίν
1101 1668 1180 1750 ᾦτῆς
1198 1678 1243 1734 ov.

141 1777 221 1846 μιλης
234 1775 340 1847 ἄρχεται
354 1771 435 1829 οὕτως

227 1863 370 1932 Σιδώνιόν
385 1864 449 1929 ποτ’
466 1865 541 1928 άστν
556 1862 675 1943 Κάδμος
689 1863 818 1927 ἐκλιπὼν

226 1967 391 2052 Ἀγήνορος
404 1972 482 2033 παῖς.

141 2074 293 2142 διεβεβόητο
307 2073 336 2127 δὲ
349 2072 380 2126 τδ
394 2072 472 2143 μέρος
485 2073 573 2125 τοῦτο.

681 2210 699 2255 2

183 2280 281 2340 Schol.
291 2280 392 2357 Eurip.
404 2280 505 2337 Phoen.
520 2279 549 2336 6.
570 2278 615 2335 Ἐν
628 2283 692 2352 γοῦν
704 2285 742 2356 τῷ
754 2281 841 2355 Φρίξφ
855 2282 948 2353 φησὶν,
959 2275 1027 2350 ήσαν
1040 2282 1091 2355 γὰρ
1103 2281 1244 2356 Ἀγήνορος
1300 2353 1302 2360 Ι

140 2381 240 2445 παῖδες,

228 2472 326 2550 Κίλιξ,
343 2469 395 2554 ἀφ’
412 2472 447 2535 οῦ
463 2472 510 2535 καὶ
525 2472 645 2535 Κιλικία
660 2470 858 2552 κικλήσκεται,

227 2575 340 2652 Φοίνιξ,
357 2575 485 2656 ὅθενπερ
498 2572 614 2653 τοῦνομ’
630 2575 648 2654 ἡ
662 2576 746 2658 χάρο
760 2574 847 2657 φέρει

228 2676 276 2738 καί
290 2674 405 2742 Θάσος.

140 2779 186 2837 Ad
208 2779 287 2836 hunc
310 2780 463 2856 prologum
477 2778 690 2835 Valckenarius
711 2777 801 2836 refert
824 2797 951 2846 versum,
967 2780 1018 2855 qui
1039 2780 1102 2837 sine
1122 2783 1242 2840 nomine

141 2877 267 2933 auctoris
277 2877 384 2953 legitur
398 2875 475 2951 apud
490 2876 634 2933 Plutarch.
650 2876 756 2933 Morul.
771 2895 800 2952 p.
811 2875 870 2951 607
887 2877 914 2935 b.
939 2880 988 2932 Kal
1009 2881 1023 2931 l
1043 2882 1091 2933 τοῦ
1112 2879 1242 2935 Διονύσου

139 2978 254 3041 πάππος,
270 2975 298 3032 δς
312 2976 461 3046 ἐξεπέμφθη
475 2975 522 3044 τήν
535 2976 661 3044 Εὗρίπτην
669 2973 793 3045 ἀνευρεῖν,
809 2976 868 3030 οὐδὲ
882 2976 961 3033 alric
973 2977 1110 3046 ε’πανῆλθε,

227 3070 331 3148 Φοίνιξ
345 3070 494 3152 πεφυκὼς,
512 3071 544 3132 ἐκ
559 3067 582 3131 δ’
600 3069 725 3150 ὁρίζεται
740 3067 827 3149 γένος

139 3177 176 3232 εἷς
189 3177 236 3232 τὰς
249 3175 567 3250 θήβοςπορογενόρενος.
597 3175 633 3231 In
656 3192 692 3230 eo
714 3193 768 3250 pro
791 3177 866 3248 γένος
888 3174 1101 3233 Valckenarius
1122 3176 1242 3254 conjicit

140 3274 244 3346 χθονός.

180 3487 328 3546 Εηῐοεῐίι.
343 3487 486 3545 Οαῑαοῑθῐ.
502 3506 547 3562 14.
562 3492 671 3562 Ταῦρος.
679 3403 765 3547 3αδκος
778 3491 883 3562 λέγεται
896 3491 924 3544 ε’ν
936 3491 992 3547 τοῖς
1004 3488 1113 3562 ἄστροις
1125 3491 1238 3560 τεθῆναι,

139 3588 182 3642 διὰ
194 3588 225 3641 τὸ
238 3587 365 3659 Εὔρίπιην
377 3584 483 3658 ἀγαγεῖν
503 3586 530 3640 ίκ
548 3586 665 3655 Φοινίκης
678 3587 714 3643 είς
728 3585 830 3659 Κρήτην
843 3589 885 3642 διὰ
899 3592 947 3643 τοῦ
959 3588 1099 3659 πελάγους,
1115 3588 1149 3644 ὧς
1162 3590 1239 3661 Εὐρι-

138 3684 214 3754 πίδης
235 3686 319 3755 φησὶν
341 3683 370 3737 ἐν
392 3685 430 3757 τῷ
451 3683 545 3757 Φρίξῳ.
568 3681 651 3738 Idem
667 3693 788 3738 narrent
809 3683 899 3741 schol.
919 3683 1084 3743 Germanic.
1109 3685 1241 3743 Eudocie

138 3798 167 3855 p.
177 3797 247 3855 39²·
260 3791 291 3837 et
304 3779 412 3856 Hygin.
428 3778 509 3835 Poet.
525 3779 642 3835 Astron.
661 3796 707 3836 21.
730 3778 774 3836 Cl'.
784 3779 902 3837 Mululae
917 3781 1026 3839 Cbrnn.
1039 3799 1056 3856 3
1061 3796 1089 3856 5.

178 4003 307 4080 Etymol.
319 4004 364 4062 M.
379 4023 407 4080 p.
420 4019 488 4078 714,
504 4022 549 4078 17.
574 4004 646 4077 Σιροί
657 4026 663 4060 :
678 3919 718 4060 Δίδ
733 4005 876 4075 ἐπιτήδειον
884 4007 989 4080 ἀγγεῖον
1002 4007 1038 4064 είς
1051 4006 1177 4063 άπάθεσιν
1190 4029 1238 4062 πυ-

137 4106 190 4174 ρῶν
203 4103 308 4157 καὶτῶν
321 4102 409 4157 ἄλλων
422 4102 550 4175 ὀσπρίων.
582 4101 726 4173 Ἀμμώνιος
740 4103 768 4157 δὲ
782 4105 882 4175 ίστορεῖ
895 4105 928 4161 ὧς
942 4106 967 4158 οί
979 4103 1091 4158 Ἀττικοί
1104 4103 1239 4175 άξιίνοντες

137 4201 168 4253 τδ
183 4198 264 4271 ὄνομα
273 4200 304 4254 τδ
324 4223 333 4254 ι
351 4198 523 4273 βραχύνουσι,
539 4201 580 4254 καὶ
594 4200 608 4269 ή
622 4201 699 4270 τριβή
712 4203 758 4268 τῆς
771 4199 941 4272 ἀναγνώσεως
953 4200 1099 4258 ἐκτείνεται.
1121 4200 1237 4273 εὑρίσκε-

137 4320 179 4352 ται
193 4299 221 4352 δὲ
236 4299 277 4352 καί
290 4298 388 4370 βραχὺ,
405 4297 440 4354 ὣς
454 4296 513 4369 παρ’
527 4297 653 4369 Εὐριπίδη
667 4296 753 4371 Φρίξῳ

705 4412 725 4450 κ
739 4393 758 4449 li
774 4410 791 4467 3
