2850 4898
499 298 846 359 ΑΠΟΣΠΑΣΜΑΤῙΑ.

207 463 244 543 ἢν
259 465 307 529 καὶ
323 467 386 545 δίκη
402 466 514 546 θνήσκη
530 492 582 539 τις,
599 467 656 548 οὐχ
669 465 768 545 ἧσσον
782 471 871 530 ποθεῖ

207 571 265 633 πᾶς
279 593 322 634 τις
336 569 472 650 δακρύειν
487 567 554 634 τοὺς
569 565 772 649 προσήκοντας
784 569 899 649 φίλους.

653 707 687 750 11

162 775 298 833 Stobaeus
311 792 361 848 92.
377 793 407 850 p.
423 789 439 850 5
451 793 458 831 ι
470 793 492 831 ι.

208 871 365 951 Κρείσσων
381 871 412 932 δὲ
427 871 515 950 βαιὸς
530 873 624 952 ὄλβος
638 870 780 951 ἀβλαβὴς
794 874 923 951 βροτοῖς,

206 970 317 1051 ἢδῶμα
330 969 450 1057 πλούτῳ
465 978 621 1054 δυσσεβῶς
635 970 822 1054 ὧγκωμένον.

162 1186 296 1246 Stobaeus
310 1207 358 1260 41.
374 1208 402 1264 p.
414 1206 481 1262 239.
659 1119 697 1164 η

208 1286 246 1346 Αἱ
257 1287 315 1364 γὰρ
331 1281 434 1350 πόλεις
449 1283 504 1348 εἶπ’
522 1285 635 1365 ἄνδρες,
652 1283 704 1347 οὐκ
716 1283 828 1363 ἐρημία.

655 1429 667 1471 1

162 1497 297 1556 Stobaeus
312 1500 340 1557 8.
353 1519 382 1575 p.
395 1513 443 1575 97.
671 1428 690 1493 3

207 1591 300 1674 Ἀνὴρ
315 1593 339 1656 δ’
356 1593 389 1661 δς
404 1595 480 1659 εἶναι
496 1592 563 1675 φῂς,
580 1595 687 1677 ἀνδρὸς
700 1597 753 1660 οὐκ
767 1597 851 1675 δξιον

207 1696 309 1760 δειλδν
325 1701 485 1775 κεκλῆσθαι
502 1699 548 1762 καὶ
565 1704 667 1763 νοσεῖν
683 1701 812 1783 αίσχρδν
825 1697 927 1763 νόσον.

655 1821 668 1864 Ι

163 1886 297 1944 Stobaeus
316 1904 380 1962 1¹9·
393 1906 421 1963 p.
431 1886 502 1944 602.
672 1819 694 1880 4

206 1984 257 2049 Τίς
274 1980 297 2045 δ’
314 1982 394 2047 οἶδεν
409 1985 436 2046 εί
449 1986 500 2060 (ἣν
515 1980 605 2059 τοῦθ’,
622 1981 638 2045 δ
654 1981 793 2063 κέκληται
808 1987 919 2054 θανεῖν,

206 2084 240 2148 τδ
255 2088 307 2164 (ἣν
324 2085 356 2147 δὲ
371 2084 511 2164 θνήσκειν
526 2087 603 2148 ἐστί·
624 2085 704 2164 πλὴν
719 2086 796 2165 ὅμως
809 2090 927 2166 βροτῶν

208 2190 351 2250 νοσοῦσιν
362 2188 391 2249 ol
404 2185 581 2266 βλέποντες,
598 2189 627 2251 ol
642 2186 666 2250 δ’
685 2185 835 2254 ὀλωλότες

207 2287 294 2351 οὐδὲν
311 2292 454 2351 νοσοῦσιν
469 2287 537 2351 οὐδὲ
554 2286 706 2368 κέκτηνται
718 2289 803 2352 κακά.

122 2409 142 2432 “
158 2400 235 2458 Cum
249 2401 306 2458 olio
320 2400 484 2479 fragmento
499 2420 516 2459 e
535 2401 657 2479 Polyido
671 2403 728 2460 hoc
747 2400 941 2460 confuderunt
963 2400 1055 2459 schol.
1071 2400 1222 2480 Aristoph.

122 2497 299 2572 Ilan.1114.
319 2514 403 2574 1525.
426 2499 517 2556 schol.
534 2500 607 2556 Plot.
622 2519 651 2575 p.
668 2517 734 2574 119.
756 2511 790 2556 ut
815 2496 925 2576 Polyidi
946 2497 1048 2577 fragm.
1070 2518 1138 2557 cum
1156 2500 1223 2558 loco

122 2596 276 2673 Hippolyti
288 2616 316 2653 v.
331 2617 385 2675 ¹90
400 2617 465 2673 sqq.
480 2597 570 2654 schol.
585 2597 734 2673 Aristoph.
750 2597 789 2654 ib.
805 2610 891 2672 1525.
921 2595 979 2653 Vel
990 2597 1021 2653 in
1041 2596 1161 2674 Polyido
1175 2598 1225 2656 vol

121 2695 151 2751 in
168 2694 272 2752 Phrixo
286 2695 349 2753 haeo
364 2715 382 2752 a
394 2695 517 2753 muliero
535 2696 727 2771 pronuntiato
749 2714 812 2753 esse
826 2694 974 2760 videntur,
990 2695 1060 2770 quia
1072 2695 1223 2772 Aristoph.

126 2809 157 2849 11
168 2810 212 2866 ιη.
229 2812 263 2851 ex
274 2793 413 2871 Euripide
427 2804 572 2851 memorat
582 2796 628 2851 τὰς
642 2792 799 2867 φασκούσας
812 2794 845 2847 οδ
859 2795 905 2862 ζῆν
918 2794 949 2847 τὸ
960 2795 1014 2861 ζῆν.
1036 2792 1081 2850 Ad
1097 2812 1165 2850 eum
1179 2793 1222 2850 lo-

121 2908 191 2947 cum
203 2890 293 2947 schol.
303 2890 364 2947 Ὀτι
377 2894 447 2964 παρὰ
465 2893 497 2947 τδ
518 2893 546 2946 ἐκ
559 2892 656 2963 Φρίξου
672 2891 813 2963 Εὐριπίδου
835 2898 854 2921 “
867 2891 912 2947 Τίς
925 2889 948 2944 δ’
964 2885 1032 2944 οίδεν
1045 2891 1069 2944 εί
1081 2892 1112 2944 τδ
1127 2894 1223 2960 ζην-.

121 2989 180 3043 ἀλλ’
195 2992 210 3042 δ
223 2990 307 3062 λέγων
320 2991 379 3045 ε’στλ
392 2992 497 3062 Φρίξος.
521 2989 597 3045 οὗτος
616 2991 644 3043 δὲ
659 2989 693 3045 ὣς
706 2989 775 3059 παρὰ
788 2989 908 3060 γυναικὸς
921 2987 984 3040 αὐτὸ
998 2988 1070 3059 λέγει
1083 2988 1223 3060 εἰρημένον.

122 3087 186 3141 ίδεῐν
199 3082 245 3141 οὖν
258 3088 309 3160 χρὴ
323 3088 421 3157 μήποτε
435 3090 481 3142 τδν
494 3088 572 3141 αὐτὸν
586 3091 646 3141 νοῦν
653 3086 713 3157 παρ’
723 3086 848 3158 Εὐριπίδη
862 3084 926 3157 γυνὴ
940 3084 1016 3156 λέγῃ,
1030 3085 1071 3138 καὶ
1083 3084 1183 3155 μήποτε
1192 3087 1224 3140 τδ

122 3183 173 3237 ὑπὸ
186 3187 233 3253 τῆς
245 3186 348 3256 τροφοῦ
362 3186 390 3239 ἐν
401 3183 549 3258 Ἱππολύτῳ
563 3184 704 3257 εἰρημένον·
728 3182 803 3238 Ἀλλ’
818 3181 833 3236 ὅ
847 3204 872 3237 τι
884 3180 980 3236 τοίτου
993 3203 1016 3236 κ.
1031 3203 1055 3237 τ.
1069 3185 1096 3237 λ.
1125 3182 1225 3251 Quum

121 3278 293 3338 isPhrixum
307 3300 360 3357 pro
375 3281 496 3357 Polyido
511 3280 795 3345 commemoraverit,
810 3278 969 3337 videndum
989 3296 1027 3335 ne
1041 3281 1056 3331 δ
1069 3280 1153 3352 λέγων
1166 3281 1224 3336 ἐστὶ

122 3379 217 3450 Φρίξος
230 3377 335 3435 dixerit
349 3398 402 3455 pro
417 3382 431 3432 ὁ
445 3381 530 3451 λέγων
545 3380 603 3433 ἐστὶ
616 3378 771 3436 Πολύϊδος.”
801 3376 964 3434 Μκττιιιπι.

657 3508 695 3573 ¹5

164 3593 262 3669 Etym.
276 3593 320 3652 M.
335 3613 365 3669 p.
384 3613 453 3667 410,
469 3613 519 3669 43.
552 3597 587 3650 Τὸ
611 3599 801 3668 προστακτικὸν
825 3599 865 3665 (ἢ,
888 3597 922 3653 ὡς
945 3595 1005 3668 παρ’
1030 3595 1224 3666 Εὐριπίδη-ἐν

123 3692 210 3766 Φρίξῳ

211 3785 258 3849 Δι’
276 3788 395 3854 ἑλπιδος
409 3791 442 3865 ὅ]
457 3789 504 3851 καὶ
519 3787 554 3851 δι’
572 3790 691 3855 ἐλπίδος
705 3788 826 3870 τρέφον.

655 3909 693 3968 16

163 3994 322 4051 Athenaeus
335 3993 388 4051 VI.
405 4014 434 4071 p.
450 3993 507 4068 264
521 4014 547 4053 c.
570 3997 620 4050 Kal
640 3995 780 4067 Εὐριπίδης
801 3995 829 4050 δὲ
849 3994 877 4048 ἐν
898 3993 985 4067 Φρίξῳ
1004 3995 1111 4067 λάτριας
1131 3995 1224 4050 αὐτοὺς

123 4094 241 4165 ὀνομάζει
252 4093 295 4147 διδ
308 4091 406 4148 τούτων

211 4187 319 4270 Λάτρις
332 4187 477 4267 πενέστης
492 4187 565 4266 ἁμὸς
580 4190 712 4270 ἀρχαίων
727 4188 833 4265 δόμων.

125 4293 203 4350 Ηίαα
218 4294 351 4351 Ειιςιαιδ.
368 4313 396 4369 p.
416 4313 502 4367 1090,
519 4312 567 4367 50.

630 4406 718 4478 Kk4
