2844 4882
601 283 829 345 ΕΥΡΙΠΙΔΟΥ·

583 552 833 615 mmmm.

199 752 298 809 Pollux
312 752 352 816 X.
373 754 436 812 108.
458 759 550 813 Σκεῦας
562 757 592 812 a&
609 687 758 831 ραγειρύιόν
774 759 814 814 καί
832 757 914 831 ὐθρός
933 761 1074 834 Εὐριπίδου
1087 766 1115 821 όν
1128 768 1269 841 Εὐρυσθεῖ

156 856 287 927 σατυρικῷ
299 853 417 909 είπόντος

451 944 497 1010 Ἢ
514 945 632 1019 κυάθου,
647 944 666 1025 ἢ
680 946 873 1029 χαλκήλατον

241 1047 336 1128 ἠθμὸν
350 1050 526 1132 προσίσχων
540 1054 640 1113 τοῖσδε
655 1055 716 1116 τοῖς
728 1052 881 1120 ὑπωπίοις.

694 1186 712 1232 2

196 1256 295 1313 Pollux
309 1256 348 1322 X,
368 1270 432 1330 145.
450 1256 511 1312 'On
525 1257 553 1312 ὐί
567 1257 607 1312 καί
622 1257 669 1327 τὴν
682 1259 785 1329 σπάθην
798 1260 841 1315 ε’πί
854 1263 901 1316 τοῦ
912 1262 1006 1334 ξίφους
1019 1265 1155 1339 είρὴκωι,
1175 1269 1267 1346 ὥροις

152 1353 184 1411 ίαν
197 1357 225 1413 ἐν
238 1356 380 1430 Εὐριπίδου
394 1358 525 1431 Εὐρυσθεῖ
537 1361 666 1432 σατυρικῷ

239 1458 306 1520 Πᾶς
319 1451 344 1517 δ’
361 1451 538 1534 ἐξεθίρισεν,
555 1453 633 1516 ὥστε
647 1453 771 1533 πύρινον
789 1452 904 1537 στάχυν

239 1554 338 1635 σπάθῃ
354 1557 487 1619 κολούων
498 1554 659 1637 φασγάνου
669 1556 861 1635 μελανδέτου.

194 1784 351 1842 Erotianus
364 1802 393 1859 p.
407 1782 475 1858 366.
496 1783 609 1856 Τέρθρον
622 1713 716 1855 (λαγόν
732 1785 757 1837 οῖ
769 1785 875 1838 παλαιοί
889 1785 919 1839 τὸ
933 1786 1046 1857 ἔσχατον
1058 1790 1101 1844 καί
1113 1790 1160 1847 ίπῖ
1174 1795 1262 1862 τέλει,

151 1887 185 1944 ὣς
198 1887 238 1940 καί
252 1883 391 1957 Εὐριπίδης
404 1882 432 1935 ἐν
445 1881 576 1953 Εὐρυσθεῖ
587 1883 656 1935 ποιεῖ
668 1882 714 1935 τὸν
726 1880 858 1953 Ἠρακλέα
870 1883 982 1954 λίγοντα
992 1883 1074 1944 οὕτως

236 1977 376 2060 Πίμψεις
390 1974 413 2039 δ’
432 1978 461 2043 ἔς
470 1973 576 2039 Ἀιύον
590 1979 684 2050 ζῶντα
698 1976 750 2038 κού
763 1977 934 2055 τεθνηκότα,

236 2083 286 2146 καί
297 2105 348 2160 μοι
361 2078 396 2142 τὸ
411 2077 535 2160 τίρθρον
550 2081 642 2156 δῆλον
658 2080 878 2159 είσπορεύομαι.

189 2290 321 2348 διαίταις
335 2287 385 2345 60.
401 2307 429 2363 p.
445 2285 514 2360 384.
683 2219 706 2277 4

233 2383 350 2447 Πιστύν
364 2383 420 2461 μὲν
435 2382 488 2444 οὐν
504 2379 579 2443 εἶναι
593 2380 650 2464 χρὴ
665 2379 718 2443 τὸν
733 2379 870 2445 διάκονον

232 2489 366 2548 τοιοῦτον
381 2483 466 2555 εἶναι,
484 2482 531 2545 καὶ
546 2481 666 2563 στέγειν
680 2485 718 2545 τὰ
733 2488 895 2548 δεσποτῶν.

146 2590 256 2647 “Mihi
271 2586 333 2645 εῖναι
349 2608 364 2645 e
379 2587 508 2644 secundo
522 2606 564 2643 vs.
580 2587 638 2643 hue
652 2598 810 2645 retractum
822 2601 852 2646 et
866 2589 896 2645 in
911 2590 968 2647 fine
983 2589 1092 2665 aliquid
1104 2593 1255 2655 excidisse

144 2688 277 2746 videtur:
300 2689 396 2741 πιστόν
409 2687 456 2755 μίν
470 2683 516 2739 οὐν
528 2688 579 2758 χρὴ
592 2687 639 2740 τόν
652 2687 768 2742 ὐιιίκονον
789 2687 807 2723 ³*
831 2688 855 2745 .”
877 2688 1039 2745 Mmm.

184 2887 317 2946 Stobaeus
333 2903 379 2960 75.
395 2905 425 2961 p.
440 2902 510 2959 452.
682 2816 702 2879 5

229 2982 336 3061 Μάτην
351 2983 382 3043 δὲ
398 2981 499 3060 θνητοὶ
513 2980 580 3047 τούς
595 2982 699 3046 νόθους
713 2980 857 3063 φεύγοντ’
874 2983 931 3064 άρα

226 3089 333 3151 παῖδας
347 3085 496 3164 φυτεύειν·
521 3081 554 3148 ὃς
568 3084 626 3163 γὰρ
641 3081 679 3145 άν
693 3083 821 3165 χρηστὸς
836 3089 907 3167 φυῇ,

226 3188 261 3251 οὐ
274 3184 391 3264 τοῦνομ’
408 3184 498 3248 αὐτοῦ
511 3184 565 3262 τὴν
580 3185 673 3266 φύσιν
688 3189 849 3268 διαφθερεῖ.

678 3305 697 3366 6

180 3394 312 3453 διαίταις
327 3411 376 3470 90.
390 3412 420 3468 p.
437 3407 506 3466 505.

224 3493 290 3553 Νῦν
305 3487 329 3551 δ’
345 3487 382 3567 ἤν
397 3513 440 3553 τις
454 3488 542 3550 οίκων
555 3488 705 3551 πλουσίαν
721 3487 775 3570 ἔχῃ
790 3486 916 3570 φάτνην,

222 3596 336 3671 πρῶτος
350 3589 515 3671 γέγραπται
529 3594 588 3651 τῶν
604 3591 747 3653 κακιόνων
763 3589 870 3671 κράτει,

221 3695 258 3756 τὰ
272 3690 296 3755 δ’
314 3689 374 3773 ἔργ’
392 3690 514 3753 ἐλάσσω
529 3690 686 3773 χρημάτων
702 3695 868 3772 νομίζομεν.

176 3898 309 3957 Stobaeus
323 3899 373 3974 96.
389 3918 417 3974 p.
434 3915 503 3973 531·
672 3826 690 3891 7

220 3995 283 4058 Οὐκ
298 3992 351 4057 οἶδ’
367 3995 425 4078 ότιρ
440 3993 497 4075 χρὴ
513 3995 614 4056 κανόνι
629 3996 681 4059 τὰς
693 4000 811 4074 βροτῶν
825 3994 916 4076 τύχας

218 4097 310 4175 ὀρθῶς
321 4094 480 4177 ἁθρήσαντ’
498 4095 606 4159 είδίναι
621 4095 654 4158 τὸ
670 4098 824 4176 δραστέον.

172 4299 270 4359 Schol.
285 4302 384 4378 Eurip.
402 4301 514 4359 Hecub.
526 4302 593 4359 821.
607 4305 658 4357 Τὸν
672 4216 801 4358 ίύαίδαλον
814 4307 884 4375 φασί
897 4309 980 4360 ποιεῖν
994 4305 1098 4371 εἴδωλα,
1111 4311 1153 4363 καί
1167 4317 1238 4379 μετὰ
