2850 4898
213 275 279 344 988
648 279 877 338 ΕΤΡΙΠΙΔΟΎ

299 439 368 505 ἀλλ’
385 438 533 504 ἀθανάτου
548 444 680 521 καθορῶν
695 442 814 523 φύσεως

302 544 414 622 κόσμον
429 540 539 624 ἀγήρω,
556 546 596 621 πῆ
610 568 643 606 τε
658 541 789 622 συνέστη

300 646 348 710 καὶ
360 647 417 724 ὅπη
434 646 481 708 καὶ
495 646 583 711 ὅπως.

300 754 361 816 τοῖς
375 750 408 812 δὲ
422 748 564 813 τοιούτοις
579 745 711 811 οὐδέποτ’
728 748 861 829 αἰσχρῶν

299 848 395 930 ἔργων
408 847 560 926 μελέτημα
574 849 715 929 προσίζει.

210 986 249 1045 V.
263 986 351 1044 2-6.
375 985 552 1043 Themistius
572 1004 601 1060 p.
611 1000 670 1060 307
692 986 738 1043 ed.
753 985 844 1044 Hard.
880 985 918 1043 V.
931 987 959 1045 6.
982 991 1082 1060 κόσμον
1100 990 1188 1064 ἀγήρω
1208 992 1314 1050 Pollux

212 1094 253 1161 ΙΙ,
270 1110 315 1166 14.

733 1233 792 1280 102

252 1319 390 1377 Clemens
404 1319 488 1377 Alex.
504 1317 613 1376 Strom.
629 1317 681 1376 IV.
697 1339 726 1394 p.
737 1334 794 1394 543
806 1320 835 1376 b.
863 1319 894 1375 ‘0
908 1323 956 1392 plu
972 1319 1019 1378 οὖν
1031 1324 1171 1395 Εὐριπίδης

298 1415 433 1496 Χρόσεαι
447 1412 482 1492 δή
495 1439 546 1493 μοι
561 1412 704 1496 πτέρυγες
717 1415 785 1496 περὶ
800 1416 892 1501 νότῳ,
908 1416 994 1498 φησὶ,

297 1517 344 1580 καὶ
358 1518 396 1579 τδ
410 1514 560 1596 Σειρήνων
574 1517 697 1596 ἐρόεντα
710 1516 818 1580 πέδιλα

297 1621 461 1700 ἁρμόζεται·

295 1721 434 1801 βάσομαί
446 1719 470 1784 τ’
487 1723 517 1788 ἒς
533 1719 637 1802 αἰθέρα
651 1721 748 1785 πολὺν

298 1824 422 1905 ἀερθεὶς,
439 1825 512 1904 Ζηνὶ
526 1826 706 1905 προσμίξων.

213 1956 265 2013 Τάς
282 1955 422 2029 Εὐριπίδου
442 1957 544 2028 χρυσᾶς
563 1957 693 2028 πτέρυγας
711 1953 781 2011 hinc
802 1967 1015 2013 commemorat
1034 1955 1181 2014 Plutarch.
1202 1957 1313 2018 Morul.

210 2072 240 2129 p.
252 2051 310 2126 786
324 2052 353 2110 d.

733 2193 792 2259 ¹03

251 2281 388 2339 Clemens
402 2281 483 2338 Alex.
499 2278 608 2337 Strom.
618 2278 656 2336 V.
671 2299 700 2355 p.
708 2279 762 2354 581
782 2298 807 2337 e.
829 2282 902 2335 Πάνυ
916 2281 1071 2351 θαυμαστῶς
1081 2283 1096 2334 ὁ
1107 2281 1150 2336 ἐπὶ
1162 2283 1208 2352 τῆς
1216 2284 1314 2352 σκηνῆς

209 2383 362 2452 φιλόσοφος
375 2380 514 2452 Εὐριπίδης
527 2382 581 2435 τοῖς
594 2381 786 2452 προειρημένοις
801 2379 860 2448 ἡμῖν
868 2380 985 2454 συνῳδὸς
995 2380 1037 2434 διὰ
1047 2378 1146 2435 τούτων
1153 2381 1311 2453 εὑρίσκεται,

209 2480 307 2551 πατέρα
320 2480 361 2532 καὶ
373 2477 429 2531 υίδν
442 2475 494 2546 ἀρα
508 2477 554 2529 οὐκ
568 2471 616 2531 οἶδ’
627 2476 697 2532 ὅπως
710 2477 892 2546 αἰνισσόμενος

295 2572 359 2643 Σοὶ,
375 2574 415 2654 τῷ
428 2569 547 2633 πάντων
560 2569 707 2649 μεδέοντι,
723 2571 800 2653 χοὴν

295 2673 430 2738 πέλανόν
444 2697 477 2735 τε
488 2671 580 2754 φέρω,
597 2672 672 2739 Ζεὺς
687 2671 737 2736 εἴτ’
753 2671 853 2752 Ἀίδης

294 2778 510 2856 ὀνομαζόμενος
524 2775 668 2857 στέργεις·
692 2776 730 2839 σὺ
744 2775 778 2839 δέ
791 2801 842 2852 μοι

296 2880 404 2942 θυσίαν
419 2879 531 2960 ἄπυρον
545 2880 749 2960 παγκαρπείας

295 2981 376 3060 δέξαι
391 2980 488 3061 πλήρη
502 2985 714 3064 προχυθεῖσαν.
1287 3004 1308 3068 5

207 3114 381 3186 όλοκάρπωμα
393 3113 444 3184 γάρ
457 3111 522 3183 ὑπὲρ
536 3111 606 3182 ἡμῶν
616 3111 714 3184 όπνρον
727 3113 795 3182 θῦμα
808 3115 823 3166 ὁ
837 3116 960 3186 Χριστός.
981 3114 1023 3167 καὶ
1036 3111 1076 3167 ὅτι
1084 3114 1130 3168 τδν
1143 3115 1250 3186 σωτῆρα
1261 3114 1310 3168 αὖ·

207 3214 253 3269 τδς
266 3212 312 3265 οὐκ
325 3211 399 3265 εἰδὼς
412 3210 494 3281 λέγει,
510 3210 596 3280 σαφές
608 3210 712 3279 ποιήσει
727 3211 829 3282 ἐπάγων

295 3303 338 3368 Σὺ
352 3306 410 3386 γὰρ
425 3302 459 3365 έν
474 3327 506 3365 τε
522 3307 601 3369 θεοῖς
615 3309 676 3370 τοῖς
690 3304 856 3385 οὐρανιδαις

294 3409 444 3486 σκίρττρον
458 3403 492 3467 τὸ
508 3404 582 3471 Δίδς
594 3407 804 3488 μεταχειρίζων

291 3508 422 3590 χθονίων
438 3504 462 3569 θ’
473 3503 562 3585 'App
575 3506 711 3590 μετέχεις
725 3509 826 3590 ἀρχῆς.

207 3641 295 3694 ἔπειτα
307 3637 424 3709 ἄντικρυς
437 3637 510 3708 λέγει

293 3729 427 3812 Πέμψον
440 3732 497 3810 μὲν
511 3735 575 3812 φῶς
588 3734 690 3812 ψυχᾶς
704 3728 818 3811 ἀνέρων

292 3839 353 3899 τοῖς
365 3830 563 3912 βουλομένοις
577 3834 686 3899 ἄθλους
700 3838 873 3914 προμαθεῖν,

292 3937 386 4000 πόθεν
401 3934 565 4013 ἔβλαστον,
581 3936 625 4001 τίς
638 3936 702 4016 ῥίζα
713 3941 819 4009 κακῶν,

292 4039 360 4101 τίνα
374 4041 421 4100 δεῖ
431 4037 570 4118 μακάρων
585 4037 801 4117 ἑκθνσαμένονς

294 4142 390 4221 εὑρεῖν
402 4141 524 4222 μόχθων
538 4139 724 4204 ἀνάπαυλαν.
