2844 4882
521 290 867 350 ΑΠΟΣΠΑΣΜΑΤΙΑ.

189 580 324 638 Stobaeus
339 595 386 655 57.
402 599 430 654 p.
446 580 515 655 378.
687 510 703 570 7

234 680 316 743 Νοῦς
329 676 348 755 ἡ
360 677 486 757 μεγίστη
503 681 643 755 κρεῖσσον
656 673 675 754 ἢ
689 674 793 755 μικρὸν
808 672 933 755 σκάφος.

689 795 707 857 8

188 886 322 944 Stobaeus
338 898 384 958 52.
400 901 429 958 p.
442 881 511 957 360.

235 983 325 1044 Μισῶ
339 975 363 1040 δ’
379 979 452 1040 ὅταν
468 1003 510 1044 τις
526 978 573 1042 καὶ
587 978 696 1061 χθονὸς
711 976 913 1059 στρατηλάτης

233 1083 273 1161 μὴ
287 1085 362 1145 πᾶσι
375 1078 495 1143 πάντων
509 1079 665 1162 προσφέρῃ
679 1083 868 1161 μειλίγματα.

189 1288 322 1346 Stobaeus
338 1304 384 1361 29.
400 1303 504 1361 1³·199·
686 1220 705 1280 9

233 1380 288 1446 Ἐκ
302 1388 361 1445 τῶν
375 1382 476 1444 πόνων
490 1406 535 1444 τοι
550 1381 654 1463 τάγάθ’
670 1384 787 1460 αὔξεται
800 1389 930 1464 βροτοῖς·

235 1487 251 1547 ὁ
266 1484 290 1548 δ’
306 1484 374 1564 ἡδὺς
388 1485 492 1562 αίὼνὴ
509 1484 580 1562 κακή
595 1482 619 1546 τ’
637 1486 765 1563 ἀτολμία

235 1585 294 1650 οὔτ’
311 1586 393 1649 οἶκον
408 1587 475 1649 οὔτε
486 1586 593 1665 βίοτον
608 1586 693 1648 οὐδὲν
708 1585 831 1665 ὠφελεῖ.

149 1709 234 1785 Apud
250 1707 376 1765 eundem
387 1706 414 1764 8.
426 1726 454 1783 p.
468 1722 516 1781 97.
532 1707 568 1764 ad
579 1706 755 1763 Archelaum
769 1706 944 1764 reseruntur.

190 1909 324 1967 Stobaeus
335 1926 383 1984 92.
398 1927 425 1984 p.
436 1923 505 1982 512.
682 1838 721 1880 10

236 2008 299 2071 Τὰς
314 2004 417 2070 οὐσίας
431 2006 488 2084 γὰρ
503 2006 623 2081 μᾶλλον
636 1999 654 2080 ἢ
668 2004 720 2068 τὰς
734 2005 869 2083 ἁρπαγὰς

234 2111 320 2186 τιμᾶν
335 2107 457 2169 δίκαιον·
482 2106 550 2167 οὔτε
564 2107 622 2186 γὰρ
636 2106 763 2170 πλοῦτός
778 2130 849 2168 ποτε

235 2210 362 2290 βέβαιος
377 2210 528 2274 ἀδικος-.

191 2414 324 2473 Stobaeus
344 2433 445 2491 120.p.
455 2414 523 2490 609.
682 2346 715 2388 Η

450 2508 530 2591 Ἐγὼ
546 2513 579 2574 δὲ
594 2511 660 2576 τοὺς
675 2515 771 2576 καλῶς
786 2513 962 2590 τεθνηκότας

235 2617 286 2692 ζῆν
301 2623 376 2695 φημι
390 2617 508 2691 μᾶλλον
524 2616 576 2675 τοῦ
589 2611 718 2692 βλέπειν
733 2614 799 2680 τοὺς
812 2614 852 2693 μὴ
867 2619 971 2681 καλῶς.

192 2821 284 2878 Clem.
295 2819 378 2877 Alex.
391 2820 501 2877 Strom.
513 2820 569 2879 VI.
585 2839 614 2895 p.
627 2750 728 2876 62113.

237 2918 343 2982 Αἰδοῦς
357 2917 389 2979 δὲ
406 2914 509 2980 καύτὸς
523 2915 681 2995 δυσκρίτως
697 2914 756 2995 ἔχω
771 2914 848 2995 πέρι·

238 3019 284 3081 καὶ
298 3023 346 3082 δεῖ
357 3021 415 3100 γάρ
431 3017 518 3096 αὐτῆς
533 3017 637 3080 κᾶστιν
652 3017 686 3079 οὗ
703 3016 792 3079 κακὸν
805 3017 893 3099 μέγα.

685 3172 721 3238 ¹3

192 3242 326 3300 Stobaeus
341 3256 389 3318 53.
404 3261 432 3318 p.
443 3243 512 3317 367.

238 3347 358 3410 Κείσθω
374 3346 443 3426 δόρυ
464 3371 514 3424 μοι
528 3348 614 3423 μίτον
629 3344 827 3425 ἀμφιπλέκειν

238 3448 391 3533 ἀράχναις,
406 3452 481 3529 μετὰ
495 3446 519 3512 δ’
534 3449 660 3530 ἡσυχίας
672 3451 767 3532 πολιῷ

238 3550 315 3636 γήρα
330 3552 507 3629 σννοικοίην·

240 3656 364 3733 ἀείδοιμι
379 3655 410 3717 δὲ
426 3651 588 3734 στεφάνοις
603 3652 677 3732 κάρα

238 3754 346 3819 πολιὸν
361 3756 566 3835 στεφανώσας,

240 3858 382 3939 Θρηίκιον
397 3856 511 3920 πέλταν
526 3858 599 3938 πρὸς
613 3856 743 3924 Ἀθάνας

238 3959 402 4039 περικίοσιν
417 3959 605 4040 ἀγκρεμάσας
620 3959 771 4037 θαλάμοις,

238 4061 350 4124 δέλτων
365 4059 389 4122 τ’
406 4062 623 4140 ἀναπτύσσοιμι
638 4066 738 4142 γῆρυν,

239 4162 277 4227 ἀν
292 4165 384 4244 σοφοὶ
399 4164 545 4228 κλέονται.

154 4286 188 4340 V.
199 4302 223 4342 1.
236 4284 410 4344 Plutarchus
424 4285 483 4344 Vit.
499 4306 526 4363 p.
537 4301 596 4363 529
611 4306 636 4343 a.
