2850 4898
216 275 303 339 1000
659 277 887 336 ΕΥΡΙΠΙΔΟΥ

738 457 798 522 179

258 530 392 588 Stobaeus
408 547 437 601 4.
452 547 482 603 p.
498 543 548 603 53.

647 638 689 704 ‘H
705 642 737 704 δὲ
751 641 847 721 μωρία

301 740 423 822 μάλιστ’
438 742 556 824 ἀδελφὴ
570 746 622 822 τῆς
634 744 777 824 πονηρίας
791 743 858 825 ἔφυ.

739 863 800 926 180

258 966 393 1025 Stobaeus
410 984 456 1024 νο.
471 986 499 1043 p.
521 982 584 1041 173.
605 967 777 1043 Apostolius
790 967 873 1034 XIV,
889 983 917 1041 7.

303 1062 342 1128 Ὀ
358 1063 448 1144 θυμὸς
462 1065 565 1146 ἆλγῶν
579 1063 753 1146 ὰσφόλειαν
767 1064 820 1127 οὐκ
834 1063 908 1147 ἔχει.

218 1168 287 1227 Sine
300 1170 440 1227 lemmate
455 1181 500 1228 est
513 1169 544 1226 in
557 1169 691 1226 Trincav.
712 1173 765 1225 Τοῦ
777 1170 857 1225 αὐτοῦ
867 1169 887 1224 i.
896 1187 924 1227 e.
935 1167 1077 1242 Εὐριπίδου
1091 1163 1206 1223 Schow.
1228 1165 1321 1222 Deest

217 1267 300 1326 locus
314 1268 344 1324 in
359 1267 449 1325 Paris.
465 1267 501 1325 Α.

259 1431 394 1491 Stobaeus
410 1451 457 1490 αα.
474 1453 504 1511 p.
524 1433 588 1503 187.
737 1345 793 1408 ¹81

299 1522 399 1590 Ὅταν
412 1529 475 1607 ίδης
488 1527 562 1608 πρὸς
574 1529 653 1610 ὕψος
665 1526 795 1609 ἠρμένον
809 1529 886 1602 τινὰ,

303 1633 428 1715 λαμπρῷ
443 1656 476 1694 τε
490 1632 608 1716 πλούτῳ
626 1631 673 1694 καλ
688 1629 770 1712 γε’νει
785 1631 997 1712 γαυρούμενον,

304 1733 401 1814 ὀφρῦν
415 1758 448 1796 τε
461 1734 549 1814 μείζω
564 1737 614 1812 τῆς
627 1735 717 1816 πίχης
732 1734 887 1814 ἐπηρκότα,

305 1835 409 1897 τούτου
424 1841 548 1918 ταχεῖαν
565 1835 686 1915 νέμεσιν
702 1835 785 1902 εὐθὺς
799 1837 960 1917 προσδόκα·

306 1939 456 2018 ἐπαίρεται
470 1942 529 2021 γὰρ
541 1945 651 2017 μεῖζον,
664 1941 714 2003 ἵνα
727 1943 826 2017 μεῖζον
841 1937 928 2016 πέσῃ.

218 2040 349 2117 Euripidi
366 2041 503 2099 tn'buitur
520 2042 552 2099 in
566 2043 655 2099 Paris.
676 2046 711 2100 A.
726 2042 860 2100 Ττὶαοου.
876 2054 906 2098 et
926 2041 1003 2117 apud
1025 2039 1140 2098 Schow.
1155 2039 1320 2096 Philistioni

218 2139 319 2196 tlibuit
342 2139 488 2196 Antonius
510 2139 632 2197 Melissa
655 2159 684 2215 p.
704 2158 770 2212 141.
785 2151 815 2196 et
837 2150 939 2197 auctor
959 2157 1086 2213 compar.
1107 2136 1267 2195 Menandri
1289 2147 1320 2193 et

218 2237 338 2295 Philem.
360 2237 398 2294 V.
408 2237 432 2294 Ι.
450 2237 533 2294 ὀταν
546 2238 569 2294 δ’
584 2237 762 2296 Meinekius.

739 2350 798 2413 182

260 2433 395 2493 Stobaeus
411 2454 426 2491 2
430 2453 459 2509 3.
472 2455 501 2511 p.
516 2453 581 2512 190.

298 2529 451 2598 Ἀπαντές
466 2533 559 2609 ἐσμεν
574 2532 616 2597 εἰς
630 2528 664 2593 τὸ
680 2532 832 2592 νουθετεῖν
845 2528 948 2611 σοφοὶ,

305 2634 388 2697 αὐτοὶ
402 2632 426 2695 δ’
442 2634 515 2696 ὅταν
530 2639 707 2715 σφαλῶμεν,
723 2630 758 2695 οὐ
772 2632 993 2714 γιγνώσκομεν.

260 2849 394 2908 Stobaeus
410 2868 461 2925 34.
473 2869 503 2925 p.
518 2865 585 2925 215.
739 2758 798 2843 ¹83

298 2942 344 3008 Ἢ
360 2945 433 3026 λέγε
447 2970 475 3008 τι
490 2949 576 3027 σιγῆς
591 2949 732 3024 κρεῖσσον
746 2939 764 3019 ἢ
781 2941 871 3023 σιγὴν
885 2941 950 3025 ἔχε.

742 3061 802 3140 184

260 3168 392 3226 Stobaeus
409 3187 456 3242 74.
481 3188 510 3246 p.
523 3183 591 3243 451.
624 3165 793 3224 Eustathius
815 3185 843 3241 p.
861 3182 946 3237 1411,
966 3183 1011 3237 14.
1043 3163 1142 3222 Schol.
1158 3164 1194 3222 nd
1209 3164 1266 3224 Od.
1285 3165 1319 3236 α’,

222 3281 254 3322 21
283 3311 288 3322 .

261 3283 277 3341 ⁵
301 3342 410 3406 Ἔστιν
425 3345 457 3407 δὲ
471 3342 564 3424 μήτηρ
579 3345 755 3426 φιλότεκνος
768 3346 888 3420 μᾶλλον
901 3342 1021 3421 πατρός·

304 3447 392 3524 ἡμὶν
407 3448 464 3528 γὰρ
479 3447 567 3524 αὐτῆς
581 3446 661 3509 οἶδεν
676 3444 750 3518 ὄνθ’,
766 3447 783 3508 ὁ
799 3442 823 3508 δ’
839 3447 940 3508 οἴεται.

740 3564 798 3646 185

259 3650 394 3709 Stoboeus
409 3651 457 3725 76.
473 3668 581 3727 p.453.

475 3746 520 3809 Τὸ
536 3745 648 3828 θρέψαι
662 3743 686 3807 δ’
703 3745 737 3808 ἓν
750 3749 889 3824 βροτοῖσι
902 3744 1047 3810 πολλάκις

305 3848 400 3910 πλείω
415 3849 526 3928 πορίζει
541 3849 652 3929 φιλτρα
667 3851 720 3909 τοῦ
735 3851 830 3928 φῦσαι
844 3845 944 3910 τέκνα.

219 3949 290 4008 Sine
303 3952 423 4009 nomine
433 3952 560 4009 aucton's
572 3952 666 4008 Clem.
676 3951 760 4010 Alex.
774 3950 887 4028 Paedag.
897 3950 920 4007 Ι.
932 3970 961 4027 p.
978 3951 1034 4008 106
1045 3951 1073 4009 b.
1094 3951 1128 4008 In
1142 3949 1225 4010 stob.
1237 3953 1321 4012 editt.

165 4102 167 4108 .
219 4047 325 4105 dicitur
345 4067 407 4107 esse
429 4069 464 4107 ex
485 4049 631 4124 Euripidis
652 4048 777 4114 Medea3
799 4047 850 4106 sed
872 4049 960 4105 Paris.
975 4047 1014 4106 A.
1034 4051 1127 4114 βιότου
1147 4050 1175 4105 ἐκ
1196 4052 1321 4121 Μηδείας,

219 4144 296 4221 quod
311 4146 414 4204 Elmsl.
430 4147 466 4204 ad
481 4147 562 4205 Med.
578 4166 606 4222 p.
621 4161 660 4221 74
671 4165 696 4204 e.
717 4145 774 4202 δύο.
790 4169 830 4204 τυ.
853 4146 873 4203 i.
889 4166 914 4204 e.
929 4147 1069 4202 Διονυσίου
1081 4149 1207 4220 τυράννου
1222 4160 1320 4206 ortum

219 4255 391 4317 suspicatur.
