2844 4882
501 285 845 347 ΑΠΟΣΠΑΣΜΑΤΙΑ.
1158 288 1225 354 887

120 450 157 506 V.
167 467 191 506 ι.
221 451 325 509 Sextus
340 453 450 529 Empir.
465 452 532 510 adv.
546 453 678 510 Gramm.
693 453 747 522 XI,
767 472 831 510 ιον.
846 474 874 531 p.
888 469 956 530 713.
980 456 1128 514 Lucianus
1143 458 1220 516 Gall.

119 547 178 605 vol.
192 547 215 606 l.
231 569 261 626 p.
276 565 341 625 153.
362 551 399 608 V.
416 569 502 624 1—4.
527 550 633 608 Sextus
647 551 731 626 Emp.
747 551 787 608 ib.
802 551 826 618 Ι,
843 568 910 627 279.
930 572 958 630 p.
973 570 1040 630 277.
1073 554 1220 634 Athenag.

120 647 198 724 apol.
215 668 243 724 p.
260 665 326 722 117.
348 649 373 705 E
389 648 614 724 Bellerophonte
623 649 732 725 petitos
744 666 807 706 esse
817 648 932 709 Seneca
946 651 1144 730 indicavitep.
1157 671 1222 729 115.

120 747 268 804 memoriae
283 765 392 813 errore,
403 758 437 804 ut
450 747 575 804 videtur.
598 746 636 802 V.
647 763 676 819 3.
698 748 725 801 ἐν
739 748 859 818 δόμοισιν
872 748 1039 807 Athenaeus.

656 886 693 950 Ι5

164 970 297 1032 Stobaeus
312 974 393 1032 XCI.
406 991 451 1047 οη.
473 972 568 1038 XCII,
583 973 613 1030 6.
636 970 727 1028 Gaisf.

200 1070 269 1152 Ἆρ’
285 1069 365 1133 οἶσθ’
380 1066 515 1150 ὁθούνεχ’
529 1069 557 1130 οί
569 1068 626 1145 μὲν
642 1066 773 1147 εθγενεῖς
785 1072 904 1148 βροτῶν
958 1075 968 1092 ⁸

207 1173 331 1253 πένητες
345 1174 429 1237 ὄντες
444 1169 531 1232 οὐδὲν
546 1168 722 1250 έμφαίνονσ·
739 1167 791 1240 ἔτι,

208 1277 237 1341 οἳ
252 1275 275 1339 δ’
292 1276 379 1339 οὐδὲν
393 1274 472 1353 ἦσαν
487 1273 629 1352 πρόσθεν,
646 1272 748 1350 ὄλβιοι
758 1272 790 1333 δὲ
806 1275 868 1343 νῦν,

208 1381 297 1459 δόξαν
313 1376 456 1459 φέρονται
471 1378 524 1437 τοῦ
539 1375 720 1453 νομίσματος
734 1372 832 1456 χάριν,

209 1484 256 1546 καὶ
271 1478 491 1559 συμπλέκοντες
506 1476 623 1556 σπέρμα
639 1475 686 1538 καὶ
700 1473 811 1556 γάμους
825 1473 936 1538 τέκνων
948 1505 955 1546 ;

209 1589 310 1648 δοῦναι
325 1584 357 1646 δὲ
370 1585 490 1661 μᾶλλον
504 1579 639 1663 πλουσίῳ
654 1582 711 1644 πᾶς
724 1603 768 1643 τις
783 1581 860 1662 κακηῖ

207 1686 355 1768 πρόθυμός
370 1686 454 1747 ἐστιν
469 1681 487 1761 ἢ
502 1682 606 1761 πένητι
622 1682 753 1765 κάγαθῷ,

210 1787 296 1854 κακὸς
311 1785 334 1851 δ’
351 1788 368 1849 θ
382 1786 422 1864 μὴ
435 1783 519 1868 ’χων,
535 1786 563 1847 οῖ
578 1781 601 1846 δ’
618 1784 739 1865 ἔχοντες
753 1785 863 1862 ὄλβιοι.

121 1895 158 1950 V.
173 1912 199 1951 2.
221 1893 320 1951 Codex
335 1891 422 1949 Paris.
438 1894 473 1947 A.
487 1888 582 1966 priore
595 1887 662 1945 loco
676 1888 840 1959 e'ptpaa'vovo',
855 1889 948 1946 altero
962 1889 1146 1959 dvapm'vow’.

590 2127 751 2186 ΔΙΚἹῪΣ.

668 2262 680 2304 I

165 2332 336 2393 Plutarchus
349 2332 456 2389 Moral.
471 2350 502 2407 p.
517 2329 581 2386 106.
606 2331 636 2385 ‘0
651 2332 679 2385 δι’
693 2329 921 2403 παραμυθούμενος
935 2332 981 2402 τὴν
995 2334 1097 2402 Δανάην
1110 2335 1223 2390 δυσπεν-

123 2436 222 2490 θοῦσιιν
235 2431 328 2487 Δίκτυς
341 2432 410 2504 φησὶ

212 2532 319 2592 Δοκεῖς
332 2524 385 2589 τὸν
395 2523 502 2604 ’Ἃιδην
518 2530 580 2588 σῶν
595 2550 623 2587 τι
638 2525 806 2606 φροντίζειν
821 2525 902 2605 γόων

212 2629 259 2692 καὶ
273 2625 352 2692 παῖδ’
369 2626 492 2706 ἀνήσειν
507 2626 560 2690 τὸν
575 2626 642 2699 σὸν,
659 2628 686 2690 εί
701 2625 800 2692 θέλοις
814 2625 953 2701 στένειν;

209 2735 331 2795 παῦσαι·
355 2729 515 2809 βλέπουσα
529 2729 553 2793 δ’
571 2731 611 2796 είς
627 2732 664 2792 τὰ
679 2734 737 2792 τῶν
751 2727 847 2794 πέλας
862 2733 936 2793 κακὰ

210 2831 291 2918 ῥᾴων
306 2832 397 2914 γένοι’
412 2829 460 2905 ἂν,
478 2834 504 2895 εί
517 2833 690 2913 λογίζεσθαι
705 2830 813 2904 θέλοις,

210 2937 278 2998 ὅσοι
293 2961 325 2998 τε
341 2940 460 3013 δεσμοῖς
476 2936 710 3017 ἑκμεμθχθηνται
724 2938 852 3014 βροτῶν,

210 3040 278 3102 ὅσοι
293 3064 326 3101 τε
339 3037 541 3120 γηράσκουσιν
556 3037 685 3118 ὀρφανοὶ
696 3036 817 3110 τέκνων,

211 3143 278 3209 τούς
292 3141 316 3204 τ’
334 3144 366 3204 ἐκ
380 3143 521 3223 μεγίστης
536 3141 644 3219 ὀλβίας
658 3140 829 3220 τυραννῶος

211 3244 244 3306 τὸ
258 3246 350 3322 μηδὲν
365 3246 462 3311 ὄντας·
488 3243 579 3307 ταῦτά
595 3269 632 3306 σε
648 3248 771 3307 σκοπεῖν
785 3243 891 3325 χρειίν.

126 3350 161 3406 V.
176 3368 204 3423 7.
226 3352 352 3423 μέγιστον
366 3348 528 3405 Elmsleius.

165 3549 299 3607 Stobaeus
320 3566 328 3604 ι
335 3565 364 3621 3.
379 3565 408 3622 p.
424 3561 489 3620 ¹45·
665 3477 683 3521 2

211 3643 337 3724 Θάρσει·
360 3643 396 3705 τό
409 3667 455 3704 τοι
470 3643 582 3704 δίκαιον
599 3642 696 3721 ἰσχύει
709 3639 799 3720 μέγα.

165 3877 263 3936 Schol.
278 3875 368 3953 Soph.
383 3876 428 3953 Aj.
443 3875 511 3949 787.
533 3875 565 3930 Τί
577 3876 603 3945 μ’
615 3874 647 3931 αὖ
660 3791 800 3931 Ξάλσινσνε
822 3878 888 3948 πρὸς
897 3877 929 3929 τὸ
940 3876 1080 3948 Εὐριπίδου
1094 3875 1122 3929 έν
1133 3874 1224 3928 Δίκτνῖ

126 3984 144 4007 “
156 3977 188 4030 Τί
200 3975 226 4045 μ’
240 3977 298 4048 ἄρτι
311 3976 433 4045 πημάτων
445 3976 608 4044 λελησμίνην
622 3973 708 4045 ὀρθοῖς
718 3972 743 4037 ;”

663 4128 685 4184 4

166 4196 361 4255 Stobaeus81.
378 4216 406 4272 p.
423 4214 500 4278 474.¹

212 4294 265 4358 Εῖς
274 4292 332 4373 γιίρ
348 4318 390 4358 τις
407 4292 471 4355 έστὶ
485 4292 581 4358 κοινὸς
596 4292 760 4370 ἀνθρώποις
775 4292 872 4369 νόμος,

614 4415 632 4451 τι
648 4415 663 4452 e
680 4413 696 4467 3
