2850 4898
520 293 865 354 ΑΠΟΣΠΑΣΜΑΤΙΑ.

218 460 320 522 ἀκατοι
336 456 359 520 δ’
376 458 538 540 ἀνάγονται
552 459 600 524 ὑπ’
617 464 745 543 εἰρεσίας

218 559 335 639 ἀνέμων
350 559 374 623 τ’
388 561 509 626 εῦαέσιν
521 565 632 644 ῥοθίοις

218 1171 328 1235 σινδὼν
343 1173 375 1234 δὲ
390 1172 537 1252 πρότονον
551 1173 600 1235 έπὶ
614 1171 710 1251 μέσον
724 1171 882 1236 πελάσσει.

217 1277 255 1338 τά
268 1276 324 1354 μὲν
339 1273 393 1336 οὑν
409 1272 537 1355 ἑτέροισι
550 1272 677 1355 μέριμνα
691 1274 787 1338 πέλει.

220 1382 316 1456 κῶμον
332 1373 355 1439 δ’
370 1377 518 1455 ὑμεναίων
533 1378 729 1441 δεσποσύνων

219 1481 270 1559 ἐμὲ
286 1477 382 1542 καὶτὸ
398 1480 511 1543 δίκαιον
525 1479 592 1560 άγει
608 1479 655 1542 καὶ
672 1479 743 1560 ἔρως

217 1582 331 1661 ὑμνεῖν·
355 1581 467 1660 δμωσὶν
482 1584 540 1662 γὰρ
555 1579 690 1645 ἀνάκτων

219 1683 356 1765 εῦάμεροι
370 1687 548 1765 προσιοῦσαι

218 1786 331 1866 μολπαὶ
345 1784 455 1868 θράσος
468 1785 587 1864 αὔξουσ’

219 1889 269 1953 έπὶ
282 1886 419 1971 χάρματ’·
444 1892 471 1952 εί
485 1890 518 1952 δὲ
533 1890 609 1972 τάχα
623 1914 652 1952 τι
666 1887 757 1961 τέκοι,

217 1990 315 2072 βαρὺν
328 1996 438 2072 βαρεῖα
452 1992 555 2072 φόβον
570 1991 707 2072 ἔπεμψεν
722 1994 822 2057 οἴκοις.

219 2093 345 2175 ὁρίζεται
360 2095 474 2156 δὲτάδε
489 2092 567 2174 φάος
582 2092 684 2174 γάμων
697 2091 794 2165 τέλος,

219 2194 253 2258 τὸ
269 2192 383 2274 δήποτ’
400 2195 500 2278 εὐχαῖς
515 2195 574 2276 ἐγὼ

218 2296 387 2377 λισσομένω
401 2298 559 2379 προσέβαν
572 2297 713 2377 ὑμέναιον
727 2299 827 2361 ἀεῖσαι

220 2402 313 2483 φίλον
328 2402 427 2483 φίλων
442 2405 601 2465 δεσποτᾶν.

219 2506 303 2573 θεοὺς
318 2506 417 2578 ἔδωκε,
433 2507 542 2589 χρόνος
557 2504 661 2586 ἔκρανε

219 2608 311 2692 λέχος
326 2610 443 2687 ἐμοῖσιν
458 2606 604 2689 ἀρχέταις.

219 2715 271 2776 ἴτω
286 2711 388 2774 τελεία
402 2708 506 2791 γάμων
520 2708 615 2772 ἀοιδά.

220 2811 288 2878 ἀλλ’
305 2815 356 2876 θδε
370 2815 428 2894 γὰρ
443 2811 478 2890 δὴ
491 2811 639 2890 βασιλεὺς
653 2808 709 2892 πρὸ
724 2811 822 2889 δόμων

246 2914 307 2996 ’ροξ
323 2912 348 2978 θ’
366 2913 443 2994 ἱερὸς
458 2913 505 2976 καὶ
519 2918 588 2978 ταῖς
602 2911 728 2975 Φαέθων

220 3017 385 3098 στείχουσι,
401 3018 544 3096 τριπλοῦν
557 3018 667 3095 ζεῦγος,
684 3013 767 3096 ἔχειν
780 3015 838 3095 χρὴ

219 3116 304 3197 στόμ’
321 3119 354 3180 έν
368 3116 488 3201 ἡσυχίᾳ·

220 3221 288 3302 περὶ
302 3223 360 3302 γὰρ
374 3218 515 3300 μεγάλων
529 3221 648 3299 γνώμας
664 3218 761 3296 δείξει,

219 3323 299 3387 παῖδ’
313 3321 472 3401 ὑμεναίοις,
488 3317 527 3387 ὥς
541 3328 627 3402 φησι,
644 3320 742 3383 θέλων

219 3428 315 3502 ζεῦξαι
330 3423 445 3504 νύμφης
459 3448 492 3486 τε
505 3421 673 3488 λεπάδναις.

136 3531 229 3591 ΚΗΡ.
237 3524 387 3589 Ὠκεανοῦ
400 3526 510 3588 πεδίων
525 3523 683 3604 οἰκήτορες,

221 3626 383 3710 εὐφαμεῖτ’,
397 3623 435 3704 (ἀ,

220 3731 353 3794 έκτόπιοί
364 3755 398 3792 τε
413 3732 510 3808 δόμων
526 3729 695 3809 ἀπαείρετε,

220 3829 244 3895 κά
258 3835 312 3903 ίτε,
326 3833 406 3897 λαοί.

221 3936 358 4015 κηρύσσω
374 3932 397 3997 δ’
414 3935 503 3998 ὑσίαν
517 3932 689 4013 βασιλήων,

222 4040 293 4101 αἰτεῖ
310 4035 333 4100 δ’
350 4036 441 4101 αἶσαν

222 4140 374 4204 εὐτεκνίαν
389 4164 422 4202 τε
437 4137 550 4220 γάμοις,
567 4134 610 4200 άν
626 4137 725 4215 ἔξοδος

223 4239 268 4305 ἅδ’
285 4240 363 4323 ἕνεχ’
379 4242 452 4320 ἥκει,
