<?xml version="1.0" encoding="UTF-8"?>
<!DOCTYPE html PUBLIC "-//W3C//DTD XHTML 1.0 Transitional//EN"
    "http://www.w3.org/TR/xhtml1/DTD/xhtml1-transitional.dtd">
<html xmlns="http://www.w3.org/1999/xhtml" xml:lang="en" lang="en">
 <head>
  <title>
</title>
<meta http-equiv="Content-Type" content="text/html;charset=utf-8" />
  <meta name='ocr-system' content='tesseract 3.04.00' />
  <meta name='ocr-capabilities' content='ocr_page ocr_carea ocr_par ocr_line ocrx_word'/>
</head>
<body>
  <div class='ocr_page' id='page_1' title='image "./tragoediaesuper00eurigoog_0590.png"; bbox 0 0 2850 4898; ppageno 0'>
   <div class='ocr_carea' id='block_1_1' title="bbox 182 303 806 369">
    <p class='ocr_par' dir='ltr' id='par_1_1' title="bbox 182 303 806 369">
     <span class='ocr_line' id='line_1_1' title="bbox 182 303 806 369; baseline 0.002 -2"><span class='ocrx_word' id='word_1_1' title='bbox 182 303 267 368; x_wconf 91' lang='grc'>1016</span> <span class='ocrx_word' id='word_1_2' title='bbox 657 305 806 369; x_wconf 84' lang='lat' dir='ltr'>NOTAE.</span> 
     </span>
    </p>
   </div>
   <div class='ocr_carea' id='block_1_2' title="bbox 193 468 1292 1371">
    <p class='ocr_par' dir='ltr' id='par_1_2' title="bbox 193 468 1292 659">
     <span class='ocr_line' id='line_1_2' title="bbox 194 468 1292 557; baseline 0.003 -24"><span class='ocrx_word' id='word_1_3' title='bbox 194 468 248 533; x_wconf 89' lang='lat' dir='ltr'><strong>ubi</strong></span> <span class='ocrx_word' id='word_1_4' title='bbox 271 468 330 534; x_wconf 76' lang='grc' dir='ltr'>οὐδ’</span> <span class='ocrx_word' id='word_1_5' title='bbox 347 471 392 534; x_wconf 78' lang='lat' dir='ltr'><strong>nt</strong></span> <span class='ocrx_word' id='word_1_6' title='bbox 414 471 523 533; x_wconf 89' lang='grc' dir='ltr'>πόλεσι</span> <span class='ocrx_word' id='word_1_7' title='bbox 543 472 601 550; x_wconf 79' lang='grc' dir='ltr'><strong>γὰρ</strong></span> <span class='ocrx_word' id='word_1_8' title='bbox 619 469 819 532; x_wconf 82' lang='lat' dir='ltr'><strong>correximus.</strong></span> <span class='ocrx_word' id='word_1_9' title='bbox 865 471 938 533; x_wconf 91' lang='lat' dir='ltr'><strong>Non</strong></span> <span class='ocrx_word' id='word_1_10' title='bbox 961 471 1138 557; x_wconf 80' lang='lat' dir='ltr'>peritiorem</span> <span class='ocrx_word' id='word_1_11' title='bbox 1165 495 1292 536; x_wconf 90' lang='lat' dir='ltr'><strong>manum</strong></span> 
     </span>
     <span class='ocr_line' id='line_1_3' title="bbox 193 570 826 659; baseline 0 -24"><span class='ocrx_word' id='word_1_12' title='bbox 193 571 332 659; x_wconf 86' lang='lat' dir='ltr'><strong>produnt</strong></span> <span class='ocrx_word' id='word_1_13' title='bbox 346 595 418 658; x_wconf 83' lang='lat' dir='ltr'><strong>quoe</strong></span> <span class='ocrx_word' id='word_1_14' title='bbox 433 572 553 636; x_wconf 88' lang='lat' dir='ltr'><strong>infrav.</strong></span> <span class='ocrx_word' id='word_1_15' title='bbox 563 589 634 654; x_wconf 87' lang='lat'>770.</span> <span class='ocrx_word' id='word_1_16' title='bbox 651 570 826 635; x_wconf 82' lang='lat' dir='ltr'>edebantur</span> 
     </span>
    </p>

    <p class='ocr_par' dir='ltr' id='par_1_3' title="bbox 366 671 925 758">
     <span class='ocr_line' id='line_1_4' title="bbox 366 671 925 758; baseline 0.002 -20"><span class='ocrx_word' id='word_1_17' title='bbox 366 678 394 739; x_wconf 83' lang='grc' dir='ltr'><strong>εἴ</strong></span> <span class='ocrx_word' id='word_1_18' title='bbox 406 700 434 738; x_wconf 87' lang='grc' dir='ltr'><strong>τι</strong></span> <span class='ocrx_word' id='word_1_19' title='bbox 449 677 508 756; x_wconf 77' lang='grc' dir='ltr'><strong>γὰρ</strong></span> <span class='ocrx_word' id='word_1_20' title='bbox 522 672 560 736; x_wconf 78' lang='grc' dir='ltr'><strong>ἂν</strong></span> <span class='ocrx_word' id='word_1_21' title='bbox 574 671 688 757; x_wconf 83' lang='grc' dir='ltr'>πάσχοι</span> <span class='ocrx_word' id='word_1_22' title='bbox 703 700 746 742; x_wconf 76' lang='grc' dir='ltr'><strong>τις</strong></span> <span class='ocrx_word' id='word_1_23' title='bbox 760 675 925 758; x_wconf 79' lang='grc' dir='ltr'>ἀμήχανον,</span> 
     </span>
    </p>

    <p class='ocr_par' dir='ltr' id='par_1_4' title="bbox 366 773 819 858">
     <span class='ocr_line' id='line_1_5' title="bbox 366 773 819 858; baseline 0.009 -19"><span class='ocrx_word' id='word_1_24' title='bbox 366 777 458 843; x_wconf 53' lang='lat' dir='ltr'><strong>birds</strong></span> <span class='ocrx_word' id='word_1_25' title='bbox 469 777 504 840; x_wconf 80' lang='lat' dir='ltr'><strong>orl</strong></span> <span class='ocrx_word' id='word_1_26' title='bbox 519 773 627 842; x_wconf 83' lang='grc' dir='ltr'>σπάνις</span> <span class='ocrx_word' id='word_1_27' title='bbox 642 775 819 858; x_wconf 77' lang='grc' dir='ltr'>εὐγενέπαις·</span> 
     </span>
    </p>

    <p class='ocr_par' dir='ltr' id='par_1_5' title="bbox 193 876 1055 1067">
     <span class='ocr_line' id='line_1_6' title="bbox 367 876 1055 959; baseline 0.006 -19"><span class='ocrx_word' id='word_1_28' title='bbox 367 876 616 959; x_wconf 77' lang='grc' dir='ltr'>κηρυσσομένοισι</span> <span class='ocrx_word' id='word_1_29' title='bbox 631 877 655 941; x_wconf 82' lang='grc' dir='ltr'><strong>δ’</strong></span> <span class='ocrx_word' id='word_1_30' title='bbox 672 878 721 943; x_wconf 79' lang='grc' dir='ltr'><strong>ἀπ’</strong></span> <span class='ocrx_word' id='word_1_31' title='bbox 738 882 856 944; x_wconf 71' lang='grc' dir='ltr'>ἐσθλῶν</span> <span class='ocrx_word' id='word_1_32' title='bbox 871 878 1055 959; x_wconf 84' lang='grc' dir='ltr'>δωμάτων-</span> 
     </span>
     <span class='ocr_line' id='line_1_7' title="bbox 193 980 481 1067; baseline -0.007 -22"><span class='ocrx_word' id='word_1_33' title='bbox 193 995 224 1045; x_wconf 91' lang='lat' dir='ltr'><strong>et</strong></span> <span class='ocrx_word' id='word_1_34' title='bbox 239 981 270 1044; x_wconf 92' lang='lat' dir='ltr'><strong>in</strong></span> <span class='ocrx_word' id='word_1_35' title='bbox 286 980 481 1067; x_wconf 89' lang='lat' dir='ltr'><strong>antistropho</strong></span> 
     </span>
    </p>

    <p class='ocr_par' dir='ltr' id='par_1_6' title="bbox 363 1083 885 1166">
     <span class='ocr_line' id='line_1_8' title="bbox 363 1083 885 1166; baseline 0.002 -19"><span class='ocrx_word' id='word_1_36' title='bbox 363 1084 417 1164; x_wconf 84' lang='grc' dir='ltr'><strong>ἡδὺ</strong></span> <span class='ocrx_word' id='word_1_37' title='bbox 430 1085 486 1162; x_wconf 67' lang='grc' dir='ltr'><strong>μὲν</strong></span> <span class='ocrx_word' id='word_1_38' title='bbox 501 1083 604 1147; x_wconf 78' lang='grc' dir='ltr'>αὐτίκα</span> <span class='ocrx_word' id='word_1_39' title='bbox 618 1089 704 1147; x_wconf 86' lang='grc' dir='ltr'>τοῦτο</span> <span class='ocrx_word' id='word_1_40' title='bbox 718 1091 885 1166; x_wconf 83' lang='grc' dir='ltr'>βροτοῖσιν,</span> 
     </span>
    </p>

    <p class='ocr_par' dir='ltr' id='par_1_7' title="bbox 366 1183 795 1270">
     <span class='ocr_line' id='line_1_9' title="bbox 366 1183 795 1270; baseline 0.002 -21"><span class='ocrx_word' id='word_1_41' title='bbox 366 1188 399 1249; x_wconf 75' lang='grc' dir='ltr'><strong>ἓν</strong></span> <span class='ocrx_word' id='word_1_42' title='bbox 414 1188 446 1249; x_wconf 66' lang='grc' dir='ltr'><strong>δὲ</strong></span> <span class='ocrx_word' id='word_1_43' title='bbox 460 1183 559 1270; x_wconf 75' lang='grc' dir='ltr'>χρόνῳ</span> <span class='ocrx_word' id='word_1_44' title='bbox 574 1185 690 1251; x_wconf 76' lang='grc' dir='ltr'>τελέθει</span> <span class='ocrx_word' id='word_1_45' title='bbox 705 1187 795 1268; x_wconf 75' lang='grc' dir='ltr'>ξηρὸν</span> 
     </span>
    </p>

    <p class='ocr_par' dir='ltr' id='par_1_8' title="bbox 366 1287 976 1371">
     <span class='ocr_line' id='line_1_10' title="bbox 366 1287 976 1371; baseline 0.002 -21"><span class='ocrx_word' id='word_1_46' title='bbox 366 1288 485 1366; x_wconf 79' lang='grc' dir='ltr'>καὶμὴν</span> <span class='ocrx_word' id='word_1_47' title='bbox 501 1289 549 1351; x_wconf 78' lang='grc' dir='ltr'><strong>καὶ</strong></span> <span class='ocrx_word' id='word_1_48' title='bbox 564 1291 712 1353; x_wconf 72' lang='grc' dir='ltr'>άνεῶεσιν</span> <span class='ocrx_word' id='word_1_49' title='bbox 727 1289 855 1371; x_wconf 75' lang='grc' dir='ltr'>ἔγκειται</span> <span class='ocrx_word' id='word_1_50' title='bbox 870 1287 976 1369; x_wconf 81' lang='grc' dir='ltr'>δόμων.</span> 
     </span>
    </p>
   </div>
   <div class='ocr_carea' id='block_1_3' title="bbox 191 1398 1298 2894">
    <p class='ocr_par' dir='ltr' id='par_1_9' title="bbox 191 1398 1298 2894">
     <span class='ocr_line' id='line_1_11' title="bbox 193 1398 1293 1486; baseline 0 -21"><span class='ocrx_word' id='word_1_51' title='bbox 193 1401 256 1482; x_wconf 86' lang='lat' dir='ltr'><strong>Qui</strong></span> <span class='ocrx_word' id='word_1_52' title='bbox 277 1400 366 1464; x_wconf 91' lang='lat' dir='ltr'><strong>locus</strong></span> <span class='ocrx_word' id='word_1_53' title='bbox 386 1398 499 1485; x_wconf 85' lang='lat' dir='ltr'>insigni</span> <span class='ocrx_word' id='word_1_54' title='bbox 521 1399 710 1464; x_wconf 89' lang='lat' dir='ltr'><strong>documento</strong></span> <span class='ocrx_word' id='word_1_55' title='bbox 731 1415 778 1463; x_wconf 88' lang='lat' dir='ltr'><strong>est</strong></span> <span class='ocrx_word' id='word_1_56' title='bbox 797 1422 891 1486; x_wconf 90' lang='lat' dir='ltr'><strong>quam</strong></span> <span class='ocrx_word' id='word_1_57' title='bbox 916 1423 1026 1486; x_wconf 89' lang='lat' dir='ltr'><strong>parum</strong></span> <span class='ocrx_word' id='word_1_58' title='bbox 1052 1417 1144 1465; x_wconf 88' lang='lat' dir='ltr'><strong>acute</strong></span> <span class='ocrx_word' id='word_1_59' title='bbox 1160 1401 1293 1466; x_wconf 89' lang='lat' dir='ltr'><strong>viderint</strong></span> 
     </span>
     <span class='ocr_line' id='line_1_12' title="bbox 192 1499 1294 1567; baseline 0.001 -2"><span class='ocrx_word' id='word_1_60' title='bbox 192 1515 379 1566; x_wconf 83' lang='lat' dir='ltr'><strong>correctores</strong></span> <span class='ocrx_word' id='word_1_61' title='bbox 394 1512 512 1562; x_wconf 89' lang='lat' dir='ltr'><strong>veteres</strong></span> <span class='ocrx_word' id='word_1_62' title='bbox 527 1515 696 1563; x_wconf 83' lang='lat' dir='ltr'><strong>metrorum</strong></span> <span class='ocrx_word' id='word_1_63' title='bbox 713 1499 853 1563; x_wconf 84' lang='lat' dir='ltr'>studiosi.</span> <span class='ocrx_word' id='word_1_64' title='bbox 879 1500 986 1563; x_wconf 92' lang='lat' dir='ltr'><strong>Primo</strong></span> <span class='ocrx_word' id='word_1_65' title='bbox 1000 1500 1081 1564; x_wconf 89' lang='lat' dir='ltr'><strong>enim</strong></span> <span class='ocrx_word' id='word_1_66' title='bbox 1098 1501 1136 1565; x_wconf 86' lang='grc' dir='ltr'><strong>ἃν</strong></span> <span class='ocrx_word' id='word_1_67' title='bbox 1151 1502 1230 1566; x_wconf 89' lang='lat' dir='ltr'><strong>male</strong></span> <span class='ocrx_word' id='word_1_68' title='bbox 1246 1518 1294 1567; x_wconf 89' lang='lat' dir='ltr'><strong>est</strong></span> 
     </span>
     <span class='ocr_line' id='line_1_13' title="bbox 193 1601 1293 1691; baseline 0.003 -25"><span class='ocrx_word' id='word_1_69' title='bbox 193 1603 325 1680; x_wconf 90' lang='lat' dir='ltr'><strong>illatum,</strong></span> <span class='ocrx_word' id='word_1_70' title='bbox 348 1617 378 1666; x_wconf 91' lang='lat' dir='ltr'><strong>et</strong></span> <span class='ocrx_word' id='word_1_71' title='bbox 398 1601 528 1665; x_wconf 82' lang='lat' dir='ltr'><strong>fortasse</strong></span> <span class='ocrx_word' id='word_1_72' title='bbox 545 1602 636 1666; x_wconf 89' lang='lat' dir='ltr'><strong>etiam</strong></span> <span class='ocrx_word' id='word_1_73' title='bbox 658 1601 772 1685; x_wconf 82' lang='grc' dir='ltr'>πάσχοι</span> <span class='ocrx_word' id='word_1_74' title='bbox 787 1624 845 1688; x_wconf 90' lang='lat' dir='ltr'><strong>pro</strong></span> <span class='ocrx_word' id='word_1_75' title='bbox 859 1601 949 1666; x_wconf 89' lang='grc' dir='ltr'>πάθοι</span> <span class='ocrx_word' id='word_1_76' title='bbox 961 1604 1095 1689; x_wconf 91' lang='lat' dir='ltr'><strong>positum</strong></span> <span class='ocrx_word' id='word_1_77' title='bbox 1109 1629 1116 1667; x_wconf 97' lang='lat'><strong>:</strong></span> <span class='ocrx_word' id='word_1_78' title='bbox 1141 1606 1232 1691; x_wconf 90' lang='lat' dir='ltr'><strong>cujus</strong></span> <span class='ocrx_word' id='word_1_79' title='bbox 1246 1628 1293 1669; x_wconf 90' lang='lat' dir='ltr'><strong>er-</strong></span> 
     </span>
     <span class='ocr_line' id='line_1_14' title="bbox 192 1702 1293 1792; baseline 0.001 -23"><span class='ocrx_word' id='word_1_80' title='bbox 192 1704 270 1769; x_wconf 88' lang='lat' dir='ltr'><strong>roris</strong></span> <span class='ocrx_word' id='word_1_81' title='bbox 285 1726 346 1767; x_wconf 92' lang='lat' dir='ltr'><strong>non</strong></span> <span class='ocrx_word' id='word_1_82' title='bbox 361 1702 433 1781; x_wconf 85' lang='lat' dir='ltr'><strong>alia,</strong></span> <span class='ocrx_word' id='word_1_83' title='bbox 448 1703 569 1789; x_wconf 88' lang='lat' dir='ltr'><strong>opinor,</strong></span> <span class='ocrx_word' id='word_1_84' title='bbox 585 1726 694 1768; x_wconf 78' lang='lat' dir='ltr'><strong>caussa</strong></span> <span class='ocrx_word' id='word_1_85' title='bbox 708 1703 769 1767; x_wconf 82' lang='lat' dir='ltr'><strong>fuit</strong></span> <span class='ocrx_word' id='word_1_86' title='bbox 783 1726 877 1789; x_wconf 90' lang='lat' dir='ltr'><strong>quam</strong></span> <span class='ocrx_word' id='word_1_87' title='bbox 890 1706 976 1791; x_wconf 89' lang='lat' dir='ltr'><strong>quod</strong></span> <span class='ocrx_word' id='word_1_88' title='bbox 988 1704 1018 1767; x_wconf 90' lang='lat' dir='ltr'><strong>in</strong></span> <span class='ocrx_word' id='word_1_89' title='bbox 1031 1705 1226 1792; x_wconf 83' lang='lat' dir='ltr'><strong>antistrophe</strong></span> <span class='ocrx_word' id='word_1_90' title='bbox 1234 1711 1293 1789; x_wconf 71' lang='grc' dir='ltr'><strong>γαρ</strong></span> 
     </span>
     <span class='ocr_line' id='line_1_15' title="bbox 193 1803 1293 1893; baseline -0.001 -21"><span class='ocrx_word' id='word_1_91' title='bbox 193 1831 232 1872; x_wconf 85' lang='lat' dir='ltr'><strong>ex</strong></span> <span class='ocrx_word' id='word_1_92' title='bbox 247 1806 353 1871; x_wconf 89' lang='lat' dir='ltr'><strong>codiee</strong></span> <span class='ocrx_word' id='word_1_93' title='bbox 373 1804 478 1891; x_wconf 91' lang='lat' dir='ltr'><strong>aliquo</strong></span> <span class='ocrx_word' id='word_1_94' title='bbox 496 1804 671 1882; x_wconf 83' lang='lat' dir='ltr'><strong>excidisset,</strong></span> <span class='ocrx_word' id='word_1_95' title='bbox 687 1803 772 1891; x_wconf 93' lang='lat' dir='ltr'><strong>quod</strong></span> <span class='ocrx_word' id='word_1_96' title='bbox 795 1804 845 1868; x_wconf 90' lang='lat' dir='ltr'><strong>alii</strong></span> <span class='ocrx_word' id='word_1_97' title='bbox 868 1805 953 1892; x_wconf 90' lang='lat' dir='ltr'><strong>iique</strong></span> <span class='ocrx_word' id='word_1_98' title='bbox 966 1806 1076 1893; x_wconf 89' lang='lat' dir='ltr'><strong>optimi</strong></span> <span class='ocrx_word' id='word_1_99' title='bbox 1098 1807 1169 1870; x_wconf 88' lang='lat' dir='ltr'><strong>libri</strong></span> <span class='ocrx_word' id='word_1_100' title='bbox 1191 1831 1293 1872; x_wconf 88' lang='lat' dir='ltr'><strong>serva-</strong></span> 
     </span>
     <span class='ocr_line' id='line_1_16' title="bbox 193 1905 1293 1996; baseline 0 -23"><span class='ocrx_word' id='word_1_101' title='bbox 193 1925 278 1986; x_wconf 94' lang='lat' dir='ltr'><strong>runt,</strong></span> <span class='ocrx_word' id='word_1_102' title='bbox 293 1909 346 1987; x_wconf 82' lang='grc' dir='ltr'><strong>ἡδὺ</strong></span> <span class='ocrx_word' id='word_1_103' title='bbox 359 1910 416 1987; x_wconf 73' lang='grc' dir='ltr'><strong>μὲν</strong></span> <span class='ocrx_word' id='word_1_104' title='bbox 429 1910 487 1989; x_wconf 78' lang='grc' dir='ltr'><strong>γὰρ</strong></span> <span class='ocrx_word' id='word_1_105' title='bbox 503 1907 659 1971; x_wconf 78' lang='grc' dir='ltr'>αὐτίκα-.</span> <span class='ocrx_word' id='word_1_106' title='bbox 709 1905 830 1969; x_wconf 85' lang='lat' dir='ltr'><strong>Deinde</strong></span> <span class='ocrx_word' id='word_1_107' title='bbox 843 1930 943 1993; x_wconf 91' lang='lat' dir='ltr'><strong>quum</strong></span> <span class='ocrx_word' id='word_1_108' title='bbox 964 1923 1071 1995; x_wconf 89' lang='lat' dir='ltr'><strong>aperta</strong></span> <span class='ocrx_word' id='word_1_109' title='bbox 1088 1910 1293 1996; x_wconf 86' lang='lat' dir='ltr'><strong>responsionis</strong></span> 
     </span>
     <span class='ocr_line' id='line_1_17' title="bbox 192 2008 1293 2096; baseline 0.003 -22"><span class='ocrx_word' id='word_1_110' title='bbox 192 2011 277 2090; x_wconf 90' lang='lat' dir='ltr'><strong>vitia,</strong></span> <span class='ocrx_word' id='word_1_111' title='bbox 293 2033 365 2096; x_wconf 70' lang='lat' dir='ltr'><strong>quaa</strong></span> <span class='ocrx_word' id='word_1_112' title='bbox 387 2009 563 2095; x_wconf 87' lang='lat' dir='ltr'><strong>invulgata</strong></span> <span class='ocrx_word' id='word_1_113' title='bbox 577 2031 723 2072; x_wconf 91' lang='lat' dir='ltr'><strong>versuum</strong></span> <span class='ocrx_word' id='word_1_114' title='bbox 747 2008 953 2095; x_wconf 84' lang='lat' dir='ltr'><strong>descriptione</strong></span> <span class='ocrx_word' id='word_1_115' title='bbox 975 2010 1093 2090; x_wconf 88' lang='lat' dir='ltr'><strong>insunt,</strong></span> <span class='ocrx_word' id='word_1_116' title='bbox 1108 2035 1168 2076; x_wconf 91' lang='lat' dir='ltr'><strong>non</strong></span> <span class='ocrx_word' id='word_1_117' title='bbox 1191 2028 1293 2077; x_wconf 81' lang='lat' dir='ltr'><strong>essent</strong></span> 
     </span>
     <span class='ocr_line' id='line_1_18' title="bbox 191 2111 1298 2202; baseline 0.001 -24"><span class='ocrx_word' id='word_1_118' title='bbox 191 2113 416 2193; x_wconf 89' lang='lat' dir='ltr'><strong>animadversa,</strong></span> <span class='ocrx_word' id='word_1_119' title='bbox 431 2127 608 2198; x_wconf 87' lang='lat' dir='ltr'><strong>postremus</strong></span> <span class='ocrx_word' id='word_1_120' title='bbox 625 2134 731 2174; x_wconf 90' lang='lat' dir='ltr'><strong>versus</strong></span> <span class='ocrx_word' id='word_1_121' title='bbox 746 2111 849 2174; x_wconf 89' lang='lat' dir='ltr'><strong>verbis</strong></span> <span class='ocrx_word' id='word_1_122' title='bbox 873 2113 919 2176; x_wconf 83' lang='lat' dir='ltr'><strong>rol</strong></span> <span class='ocrx_word' id='word_1_123' title='bbox 941 2113 1000 2193; x_wconf 74' lang='grc' dir='ltr'><strong>μὴν</strong></span> <span class='ocrx_word' id='word_1_124' title='bbox 1021 2129 1133 2178; x_wconf 85' lang='lat' dir='ltr'><strong>auctus</strong></span> <span class='ocrx_word' id='word_1_125' title='bbox 1147 2129 1203 2192; x_wconf 87' lang='lat' dir='ltr'><strong>est,</strong></span> <span class='ocrx_word' id='word_1_126' title='bbox 1219 2139 1298 2202; x_wconf 82' lang='lat' dir='ltr'><strong>quae.</strong></span> 
     </span>
     <span class='ocr_line' id='line_1_19' title="bbox 191 2213 1291 2302; baseline -0.001 -21"><span class='ocrx_word' id='word_1_127' title='bbox 191 2215 232 2281; x_wconf 87' lang='lat' dir='ltr'><strong>ab</strong></span> <span class='ocrx_word' id='word_1_128' title='bbox 245 2215 404 2280; x_wconf 88' lang='lat' dir='ltr'><strong>codicibus</strong></span> <span class='ocrx_word' id='word_1_129' title='bbox 418 2213 575 2302; x_wconf 89' lang='lat' dir='ltr'><strong>plerisque</strong></span> <span class='ocrx_word' id='word_1_130' title='bbox 588 2214 734 2278; x_wconf 92' lang='lat' dir='ltr'><strong>omnibus</strong></span> <span class='ocrx_word' id='word_1_131' title='bbox 757 2213 903 2279; x_wconf 91' lang='lat' dir='ltr'><strong>videntur</strong></span> <span class='ocrx_word' id='word_1_132' title='bbox 916 2215 1034 2279; x_wconf 88' lang='lat' dir='ltr'><strong>abesse.</strong></span> <span class='ocrx_word' id='word_1_133' title='bbox 1081 2218 1120 2279; x_wconf 94' lang='lat' dir='ltr'><strong>In</strong></span> <span class='ocrx_word' id='word_1_134' title='bbox 1136 2216 1184 2280; x_wconf 87' lang='lat' dir='ltr'><strong>his</strong></span> <span class='ocrx_word' id='word_1_135' title='bbox 1198 2218 1291 2282; x_wconf 87' lang='lat' dir='ltr'><strong>etiam</strong></span> 
     </span>
     <span class='ocr_line' id='line_1_20' title="bbox 193 2315 1291 2404; baseline 0.001 -23"><span class='ocrx_word' id='word_1_136' title='bbox 193 2317 382 2381; x_wconf 89' lang='lat' dir='ltr'><strong>Havniensis</strong></span> <span class='ocrx_word' id='word_1_137' title='bbox 397 2331 454 2393; x_wconf 90' lang='lat' dir='ltr'><strong>est,</strong></span> <span class='ocrx_word' id='word_1_138' title='bbox 464 2315 519 2402; x_wconf 93' lang='lat' dir='ltr'><strong>qui</strong></span> <span class='ocrx_word' id='word_1_139' title='bbox 534 2315 619 2401; x_wconf 91' lang='lat' dir='ltr'><strong>quod</strong></span> <span class='ocrx_word' id='word_1_140' title='bbox 636 2316 725 2398; x_wconf 77' lang='grc' dir='ltr'>ξηρὸν</span> <span class='ocrx_word' id='word_1_141' title='bbox 740 2318 854 2398; x_wconf 71' lang='grc' dir='ltr'>ἀφανὲς</span> <span class='ocrx_word' id='word_1_142' title='bbox 869 2317 916 2379; x_wconf 78' lang='grc' dir='ltr'><strong>καὶ</strong></span> <span class='ocrx_word' id='word_1_143' title='bbox 927 2318 1075 2381; x_wconf 78' lang='grc' dir='ltr'>ὀνείδεσιν</span> <span class='ocrx_word' id='word_1_144' title='bbox 1087 2319 1219 2404; x_wconf 89' lang='lat' dir='ltr'><strong>praehet,</strong></span> <span class='ocrx_word' id='word_1_145' title='bbox 1229 2341 1291 2382; x_wconf 92' lang='lat' dir='ltr'><strong>non</strong></span> 
     </span>
     <span class='ocr_line' id='line_1_21' title="bbox 191 2416 1293 2506; baseline -0.001 -21"><span class='ocrx_word' id='word_1_146' title='bbox 191 2436 238 2485; x_wconf 90' lang='lat' dir='ltr'><strong>est</strong></span> <span class='ocrx_word' id='word_1_147' title='bbox 252 2421 292 2485; x_wconf 90' lang='lat' dir='ltr'><strong>ab</strong></span> <span class='ocrx_word' id='word_1_148' title='bbox 306 2419 433 2483; x_wconf 90' lang='lat' dir='ltr'><strong>librario</strong></span> <span class='ocrx_word' id='word_1_149' title='bbox 448 2417 609 2504; x_wconf 90' lang='lat' dir='ltr'><strong>scriptum,</strong></span> <span class='ocrx_word' id='word_1_150' title='bbox 619 2416 674 2503; x_wconf 91' lang='lat' dir='ltr'><strong>qui</strong></span> <span class='ocrx_word' id='word_1_151' title='bbox 686 2417 847 2482; x_wconf 89' lang='lat' dir='ltr'><strong>obscuram</strong></span> <span class='ocrx_word' id='word_1_152' title='bbox 864 2416 959 2480; x_wconf 89' lang='lat' dir='ltr'><strong>fuisse</strong></span> <span class='ocrx_word' id='word_1_153' title='bbox 973 2417 1087 2482; x_wconf 87' lang='lat' dir='ltr'><strong>codicis</strong></span> <span class='ocrx_word' id='word_1_154' title='bbox 1098 2419 1145 2482; x_wconf 91' lang='lat' dir='ltr'><strong>sui</strong></span> <span class='ocrx_word' id='word_1_155' title='bbox 1158 2420 1293 2506; x_wconf 88' lang='lat' dir='ltr'><strong>seriptu-</strong></span> 
     </span>
     <span class='ocr_line' id='line_1_22' title="bbox 192 2519 1291 2609; baseline 0 -22"><span class='ocrx_word' id='word_1_156' title='bbox 192 2546 257 2587; x_wconf 89' lang='lat' dir='ltr'><strong>ram</strong></span> <span class='ocrx_word' id='word_1_157' title='bbox 276 2522 414 2586; x_wconf 92' lang='lat' dir='ltr'><strong>indicare</strong></span> <span class='ocrx_word' id='word_1_158' title='bbox 431 2520 532 2595; x_wconf 88' lang='lat' dir='ltr'><strong>vellet,</strong></span> <span class='ocrx_word' id='word_1_159' title='bbox 553 2542 624 2605; x_wconf 89' lang='lat' dir='ltr'><strong>quae</strong></span> <span class='ocrx_word' id='word_1_160' title='bbox 639 2531 684 2582; x_wconf 89' lang='lat' dir='ltr'><strong>est</strong></span> <span class='ocrx_word' id='word_1_161' title='bbox 701 2519 848 2583; x_wconf 69' lang='lat' dir='ltr'><strong>Matthia</strong></span> <span class='ocrx_word' id='word_1_162' title='bbox 871 2519 965 2582; x_wconf 84' lang='lat' dir='ltr'><strong>nostri</strong></span> <span class='ocrx_word' id='word_1_163' title='bbox 988 2521 1149 2598; x_wconf 88' lang='lat' dir='ltr'><strong>sententia,</strong></span> <span class='ocrx_word' id='word_1_164' title='bbox 1166 2523 1219 2586; x_wconf 89' lang='lat' dir='ltr'><strong>sed</strong></span> <span class='ocrx_word' id='word_1_165' title='bbox 1236 2525 1291 2609; x_wconf 88' lang='lat' dir='ltr'><strong>qui</strong></span> 
     </span>
     <span class='ocr_line' id='line_1_23' title="bbox 192 2621 1294 2711; baseline 0.002 -24"><span class='ocrx_word' id='word_1_166' title='bbox 192 2624 346 2688; x_wconf 89' lang='lat' dir='ltr'><strong>illustrare</strong></span> <span class='ocrx_word' id='word_1_167' title='bbox 361 2622 466 2709; x_wconf 90' lang='lat' dir='ltr'><strong>potius</strong></span> <span class='ocrx_word' id='word_1_168' title='bbox 481 2621 675 2708; x_wconf 88' lang='lat' dir='ltr'><strong>propositum</strong></span> <span class='ocrx_word' id='word_1_169' title='bbox 692 2621 827 2684; x_wconf 88' lang='lat' dir='ltr'><strong>haberet.</strong></span> <span class='ocrx_word' id='word_1_170' title='bbox 873 2623 954 2684; x_wconf 85' lang='lat' dir='ltr'><strong>Nam</strong></span> <span class='ocrx_word' id='word_1_171' title='bbox 972 2623 1061 2705; x_wconf 76' lang='grc' dir='ltr'>ξηρὸν</span> <span class='ocrx_word' id='word_1_172' title='bbox 1072 2623 1294 2711; x_wconf 91' lang='lat' dir='ltr'><strong>interpretatus</strong></span> 
     </span>
     <span class='ocr_line' id='line_1_24' title="bbox 192 2723 1293 2810; baseline 0.001 -19"><span class='ocrx_word' id='word_1_173' title='bbox 192 2740 239 2791; x_wconf 90' lang='lat' dir='ltr'><strong>est</strong></span> <span class='ocrx_word' id='word_1_174' title='bbox 254 2728 378 2808; x_wconf 76' lang='grc' dir='ltr'>ἀφανὲς,</span> <span class='ocrx_word' id='word_1_175' title='bbox 396 2724 493 2809; x_wconf 93' lang='lat' dir='ltr'><strong>quod,</strong></span> <span class='ocrx_word' id='word_1_176' title='bbox 510 2739 547 2787; x_wconf 90' lang='lat' dir='ltr'><strong>ut</strong></span> <span class='ocrx_word' id='word_1_177' title='bbox 566 2723 613 2800; x_wconf 89' lang='lat' dir='ltr'><strong>fit,</strong></span> <span class='ocrx_word' id='word_1_178' title='bbox 629 2723 827 2810; x_wconf 89' lang='lat' dir='ltr'><strong>postmodum</strong></span> <span class='ocrx_word' id='word_1_179' title='bbox 852 2723 883 2786; x_wconf 93' lang='lat' dir='ltr'><strong>in</strong></span> <span class='ocrx_word' id='word_1_180' title='bbox 904 2724 1166 2790; x_wconf 86' lang='lat' dir='ltr'><strong>continuationem</strong></span> <span class='ocrx_word' id='word_1_181' title='bbox 1185 2730 1293 2792; x_wconf 77' lang='lat' dir='ltr'><strong>verbo</strong></span> 
     </span>
     <span class='ocr_line' id='line_1_25' title="bbox 192 2826 471 2894; baseline -0.022 0"><span class='ocrx_word' id='word_1_182' title='bbox 192 2853 262 2894; x_wconf 90' lang='lat' dir='ltr'><strong>rum</strong></span> <span class='ocrx_word' id='word_1_183' title='bbox 279 2842 324 2893; x_wconf 90' lang='lat' dir='ltr'><strong>est</strong></span> <span class='ocrx_word' id='word_1_184' title='bbox 339 2826 471 2890; x_wconf 88' lang='lat' dir='ltr'><strong>illatum.</strong></span> 
     </span>
    </p>
   </div>
   <div class='ocr_carea' id='block_1_4' title="bbox 615 2970 853 3034">
    <p class='ocr_par' dir='ltr' id='par_1_10' title="bbox 615 2970 853 3034">
     <span class='ocr_line' id='line_1_26' title="bbox 615 2970 853 3034; baseline 0.008 -2"><span class='ocrx_word' id='word_1_185' title='bbox 615 2970 853 3034; x_wconf 82' lang='lat' dir='ltr'><strong>ELECTRAE</strong></span> 
     </span>
    </p>
   </div>
   <div class='ocr_carea' id='block_1_5' title="bbox 192 3086 1294 4303">
    <p class='ocr_par' dir='ltr' id='par_1_11' title="bbox 192 3086 1294 3687">
     <span class='ocr_line' id='line_1_27' title="bbox 193 3086 1293 3179; baseline 0.003 -23"><span class='ocrx_word' id='word_1_186' title='bbox 193 3091 305 3156; x_wconf 82' lang='lat' dir='ltr'><strong>Verani</strong></span> <span class='ocrx_word' id='word_1_187' title='bbox 333 3109 403 3170; x_wconf 81' lang='lat'>142.</span> <span class='ocrx_word' id='word_1_188' title='bbox 429 3086 644 3171; x_wconf 77' lang='grc' dir='ltr'>ἔπορθαβοάσω</span> <span class='ocrx_word' id='word_1_189' title='bbox 669 3088 836 3174; x_wconf 87' lang='lat' dir='ltr'><strong>respondet</strong></span> <span class='ocrx_word' id='word_1_190' title='bbox 854 3109 863 3151; x_wconf 88' lang='grc' dir='ltr'>ι</span> <span class='ocrx_word' id='word_1_191' title='bbox 869 3109 922 3172; x_wconf 87' lang='lat'><strong>59.</strong></span> <span class='ocrx_word' id='word_1_192' title='bbox 946 3093 979 3154; x_wconf 79' lang='grc' dir='ltr'><strong>ἰώ</strong></span> <span class='ocrx_word' id='word_1_193' title='bbox 1000 3095 1054 3170; x_wconf 83' lang='grc' dir='ltr'><strong>μοι’</strong></span> <span class='ocrx_word' id='word_1_194' title='bbox 1078 3119 1137 3172; x_wconf 84' lang='grc' dir='ltr'>μοι,</span> <span class='ocrx_word' id='word_1_195' title='bbox 1161 3117 1233 3179; x_wconf 83' lang='lat' dir='ltr'><strong>quae</strong></span> <span class='ocrx_word' id='word_1_196' title='bbox 1258 3109 1293 3159; x_wconf 91' lang='lat' dir='ltr'><strong>ut</strong></span> 
     </span>
     <span class='ocr_line' id='line_1_28' title="bbox 192 3190 1294 3281; baseline 0 -23"><span class='ocrx_word' id='word_1_197' title='bbox 192 3203 444 3281; x_wconf 78' lang='lat' dir='ltr'><strong>exsequerentur,</strong></span> <span class='ocrx_word' id='word_1_198' title='bbox 462 3193 494 3255; x_wconf 82' lang='grc' dir='ltr'><em>ῑῶ</em></span> <span class='ocrx_word' id='word_1_199' title='bbox 515 3216 566 3270; x_wconf 84' lang='grc' dir='ltr'><strong>μοι</strong></span> <span class='ocrx_word' id='word_1_200' title='bbox 578 3191 611 3254; x_wconf 83' lang='lat' dir='ltr'><strong>ld</strong></span> <span class='ocrx_word' id='word_1_201' title='bbox 625 3215 675 3269; x_wconf 84' lang='grc' dir='ltr'><strong>μοι</strong></span> <span class='ocrx_word' id='word_1_202' title='bbox 691 3190 826 3276; x_wconf 85' lang='lat' dir='ltr'><strong>positum</strong></span> <span class='ocrx_word' id='word_1_203' title='bbox 848 3208 905 3270; x_wconf 90' lang='lat' dir='ltr'><strong>est,</strong></span> <span class='ocrx_word' id='word_1_204' title='bbox 920 3192 1008 3279; x_wconf 94' lang='lat' dir='ltr'><strong>quod</strong></span> <span class='ocrx_word' id='word_1_205' title='bbox 1023 3217 1132 3280; x_wconf 88' lang='lat' dir='ltr'><strong>parurn</strong></span> <span class='ocrx_word' id='word_1_206' title='bbox 1148 3196 1294 3281; x_wconf 88' lang='lat' dir='ltr'><strong>probabi-</strong></span> 
     </span>
     <span class='ocr_line' id='line_1_29' title="bbox 192 3291 1291 3378; baseline -0.001 -17"><span class='ocrx_word' id='word_1_207' title='bbox 192 3297 263 3361; x_wconf 90' lang='lat' dir='ltr'><strong>liter</strong></span> <span class='ocrx_word' id='word_1_208' title='bbox 276 3295 308 3358; x_wconf 89' lang='lat' dir='ltr'><strong>in</strong></span> <span class='ocrx_word' id='word_1_209' title='bbox 324 3294 425 3358; x_wconf 91' lang='lat' dir='ltr'><strong>locum</strong></span> <span class='ocrx_word' id='word_1_210' title='bbox 443 3291 546 3356; x_wconf 88' lang='lat' dir='ltr'><strong>usitati</strong></span> <span class='ocrx_word' id='word_1_211' title='bbox 563 3291 652 3356; x_wconf 88' lang='lat' dir='ltr'><strong>istius</strong></span> <span class='ocrx_word' id='word_1_212' title='bbox 667 3291 791 3378; x_wconf 83' lang='lat' dir='ltr'><strong>tragicis</strong></span> <span class='ocrx_word' id='word_1_213' title='bbox 807 3295 839 3357; x_wconf 81' lang='lat' dir='ltr'><strong>ld</strong></span> <span class='ocrx_word' id='word_1_214' title='bbox 854 3296 907 3373; x_wconf 80' lang='grc' dir='ltr'><strong>μοί</strong></span> <span class='ocrx_word' id='word_1_215' title='bbox 918 3321 968 3374; x_wconf 85' lang='grc' dir='ltr'><strong>μοι</strong></span> <span class='ocrx_word' id='word_1_216' title='bbox 983 3293 1106 3359; x_wconf 86' lang='lat' dir='ltr'><strong>inferas.</strong></span> <span class='ocrx_word' id='word_1_217' title='bbox 1131 3296 1213 3360; x_wconf 89' lang='lat' dir='ltr'>Mihi</span> <span class='ocrx_word' id='word_1_218' title='bbox 1229 3320 1291 3361; x_wconf 91' lang='lat' dir='ltr'><strong>non</strong></span> 
     </span>
     <span class='ocr_line' id='line_1_30' title="bbox 192 3393 1292 3482; baseline -0.001 -18"><span class='ocrx_word' id='word_1_219' title='bbox 192 3398 325 3464; x_wconf 91' lang='lat' dir='ltr'><strong>dubium</strong></span> <span class='ocrx_word' id='word_1_220' title='bbox 351 3410 397 3459; x_wconf 88' lang='lat' dir='ltr'><strong>est</strong></span> <span class='ocrx_word' id='word_1_221' title='bbox 419 3395 495 3480; x_wconf 92' lang='lat' dir='ltr'><strong>quin</strong></span> <span class='ocrx_word' id='word_1_222' title='bbox 519 3393 746 3476; x_wconf 81' lang='grc' dir='ltr'>ἐπορθοβοάσω,</span> <span class='ocrx_word' id='word_1_223' title='bbox 769 3419 823 3459; x_wconf 87' lang='lat' dir='ltr'><strong>seu</strong></span> <span class='ocrx_word' id='word_1_224' title='bbox 847 3397 953 3482; x_wconf 88' lang='lat' dir='ltr'><strong>potius</strong></span> <span class='ocrx_word' id='word_1_225' title='bbox 982 3398 1225 3480; x_wconf 73' lang='grc' dir='ltr'>ἐπορθροβοάσω,</span> <span class='ocrx_word' id='word_1_226' title='bbox 1257 3414 1292 3463; x_wconf 90' lang='lat' dir='ltr'><strong>ut</strong></span> 
     </span>
     <span class='ocr_line' id='line_1_31' title="bbox 192 3497 1293 3588; baseline -0.002 -20"><span class='ocrx_word' id='word_1_227' title='bbox 192 3498 347 3587; x_wconf 83' lang='lat' dir='ltr'><strong>Tanaquil</strong></span> <span class='ocrx_word' id='word_1_228' title='bbox 364 3497 469 3562; x_wconf 85' lang='lat' dir='ltr'><strong>Faber</strong></span> <span class='ocrx_word' id='word_1_229' title='bbox 482 3497 668 3584; x_wconf 88' lang='lat' dir='ltr'><strong>corrigebat,</strong></span> <span class='ocrx_word' id='word_1_230' title='bbox 682 3497 828 3584; x_wconf 75' lang='lat' dir='ltr'><strong>genuinae</strong></span> <span class='ocrx_word' id='word_1_231' title='bbox 843 3498 883 3562; x_wconf 85' lang='lat' dir='ltr'><strong>sit</strong></span> <span class='ocrx_word' id='word_1_232' title='bbox 896 3498 1111 3586; x_wconf 87' lang='lat' dir='ltr'><strong>interpretatio</strong></span> <span class='ocrx_word' id='word_1_233' title='bbox 1131 3500 1293 3588; x_wconf 78' lang='lat' dir='ltr'><strong>scripturae</strong></span> 
     </span>
     <span class='ocr_line' id='line_1_32' title="bbox 195 3606 395 3687; baseline -0.03 -17"><span class='ocrx_word' id='word_1_234' title='bbox 195 3606 395 3687; x_wconf 75' lang='grc' dir='ltr'>ἐπαρθρεάσω.</span> 
     </span>
    </p>

    <p class='ocr_par' dir='ltr' id='par_1_12' title="bbox 193 3699 1293 3894">
     <span class='ocr_line' id='line_1_33' title="bbox 236 3699 1293 3788; baseline 0.003 -19"><span class='ocrx_word' id='word_1_235' title='bbox 236 3707 276 3769; x_wconf 91' lang='lat' dir='ltr'><strong>V.</strong></span> <span class='ocrx_word' id='word_1_236' title='bbox 291 3723 361 3786; x_wconf 90' lang='lat'>170.</span> <span class='ocrx_word' id='word_1_237' title='bbox 386 3702 475 3767; x_wconf 92' lang='lat' dir='ltr'><strong>Libri</strong></span> <span class='ocrx_word' id='word_1_238' title='bbox 490 3701 540 3764; x_wconf 92' lang='lat' dir='ltr'><strong>alii</strong></span> <span class='ocrx_word' id='word_1_239' title='bbox 554 3699 713 3782; x_wconf 82' lang='grc' dir='ltr'>ὀρειβάτας</span> <span class='ocrx_word' id='word_1_240' title='bbox 727 3700 779 3764; x_wconf 84' lang='grc' dir='ltr'><strong>αΙίὶ</strong></span> <span class='ocrx_word' id='word_1_241' title='bbox 795 3699 990 3782; x_wconf 74' lang='grc' dir='ltr'>οὐρειβάταςε</span> <span class='ocrx_word' id='word_1_242' title='bbox 1024 3703 1109 3788; x_wconf 90' lang='lat' dir='ltr'><strong>quod</strong></span> <span class='ocrx_word' id='word_1_243' title='bbox 1134 3704 1293 3786; x_wconf 80' lang='grc' dir='ltr'>οὖριβάτας</span> 
     </span>
     <span class='ocr_line' id='line_1_34' title="bbox 193 3802 1270 3894; baseline -0.003 -21"><span class='ocrx_word' id='word_1_244' title='bbox 193 3807 390 3873; x_wconf 89' lang='lat' dir='ltr'><strong>scribendum</strong></span> <span class='ocrx_word' id='word_1_245' title='bbox 406 3804 501 3868; x_wconf 82' lang='lat' dir='ltr'><strong>fuisse</strong></span> <span class='ocrx_word' id='word_1_246' title='bbox 512 3802 634 3866; x_wconf 88' lang='lat' dir='ltr'><strong>ostendi</strong></span> <span class='ocrx_word' id='word_1_247' title='bbox 650 3803 691 3866; x_wconf 95' lang='lat' dir='ltr'><strong>ad</strong></span> <span class='ocrx_word' id='word_1_248' title='bbox 707 3803 924 3889; x_wconf 84' lang='lat' dir='ltr'><strong>Aristophanis</strong></span> <span class='ocrx_word' id='word_1_249' title='bbox 939 3807 1027 3868; x_wconf 86' lang='lat' dir='ltr'><strong>Ares</strong></span> <span class='ocrx_word' id='word_1_250' title='bbox 1041 3829 1071 3868; x_wconf 87' lang='lat' dir='ltr'><strong>v.</strong></span> <span class='ocrx_word' id='word_1_251' title='bbox 1083 3808 1157 3888; x_wconf 83' lang='lat'>278.</span> <span class='ocrx_word' id='word_1_252' title='bbox 1173 3829 1203 3893; x_wconf 92' lang='lat' dir='ltr'><strong>p.</strong></span> <span class='ocrx_word' id='word_1_253' title='bbox 1215 3811 1270 3894; x_wconf 88' lang='lat'><strong>36.</strong></span> 
     </span>
    </p>

    <p class='ocr_par' dir='ltr' id='par_1_13' title="bbox 193 3904 1292 4303">
     <span class='ocr_line' id='line_1_35' title="bbox 236 3904 1291 3995; baseline 0.002 -23"><span class='ocrx_word' id='word_1_254' title='bbox 236 3911 275 3973; x_wconf 85' lang='lat' dir='ltr'><strong>V.</strong></span> <span class='ocrx_word' id='word_1_255' title='bbox 285 3926 358 3990; x_wconf 85' lang='lat'>497.</span> <span class='ocrx_word' id='word_1_256' title='bbox 392 3904 522 3971; x_wconf 85' lang='grc' dir='ltr'>παλαιάν</span> <span class='ocrx_word' id='word_1_257' title='bbox 547 3931 580 3969; x_wconf 88' lang='grc' dir='ltr'><strong>τε</strong></span> <span class='ocrx_word' id='word_1_258' title='bbox 606 3907 793 3986; x_wconf 78' lang='grc' dir='ltr'>θησαύρισμα</span> <span class='ocrx_word' id='word_1_259' title='bbox 815 3908 964 3970; x_wconf 78' lang='grc' dir='ltr'>Διονύσον</span> <span class='ocrx_word' id='word_1_260' title='bbox 994 3905 1077 3995; x_wconf 87' lang='grc' dir='ltr'>τάδε]</span> <span class='ocrx_word' id='word_1_261' title='bbox 1108 3910 1291 3995; x_wconf 90' lang='lat' dir='ltr'><strong>Correptam</strong></span> 
     </span>
     <span class='ocr_line' id='line_1_36' title="bbox 193 4006 1291 4099; baseline 0.001 -24"><span class='ocrx_word' id='word_1_262' title='bbox 193 4010 425 4098; x_wconf 87' lang='lat' dir='ltr'><strong>diphthongum</strong></span> <span class='ocrx_word' id='word_1_263' title='bbox 442 4008 570 4071; x_wconf 84' lang='lat' dir='ltr'><strong>fuerunt</strong></span> <span class='ocrx_word' id='word_1_264' title='bbox 585 4006 640 4092; x_wconf 90' lang='lat' dir='ltr'><strong>qui</strong></span> <span class='ocrx_word' id='word_1_265' title='bbox 650 4006 724 4093; x_wconf 92' lang='lat' dir='ltr'><strong>jure</strong></span> <span class='ocrx_word' id='word_1_266' title='bbox 739 4023 912 4093; x_wconf 86' lang='lat' dir='ltr'><strong>suspectam</strong></span> <span class='ocrx_word' id='word_1_267' title='bbox 930 4007 1099 4073; x_wconf 88' lang='lat' dir='ltr'><strong>haherent:</strong></span> <span class='ocrx_word' id='word_1_268' title='bbox 1133 4013 1187 4075; x_wconf 87' lang='lat' dir='ltr'><strong>sed</strong></span> <span class='ocrx_word' id='word_1_269' title='bbox 1206 4013 1291 4099; x_wconf 92' lang='lat' dir='ltr'><strong>quod</strong></span> 
     </span>
     <span class='ocr_line' id='line_1_37' title="bbox 193 4108 1291 4190; baseline 0.003 -13"><span class='ocrx_word' id='word_1_270' title='bbox 193 4136 261 4178; x_wconf 89' lang='lat' dir='ltr'><strong>cam</strong></span> <span class='ocrx_word' id='word_1_271' title='bbox 283 4113 325 4176; x_wconf 97' lang='lat' dir='ltr'><strong>ob</strong></span> <span class='ocrx_word' id='word_1_272' title='bbox 347 4132 484 4174; x_wconf 86' lang='lat' dir='ltr'><strong>caussam</strong></span> <span class='ocrx_word' id='word_1_273' title='bbox 508 4109 638 4174; x_wconf 81' lang='grc' dir='ltr'>παλαιὸν</span> <span class='ocrx_word' id='word_1_274' title='bbox 659 4108 691 4171; x_wconf 92' lang='lat' dir='ltr'><strong>in</strong></span> <span class='ocrx_word' id='word_1_275' title='bbox 713 4108 793 4172; x_wconf 89' lang='lat' dir='ltr'><strong>alius</strong></span> <span class='ocrx_word' id='word_1_276' title='bbox 813 4109 896 4173; x_wconf 88' lang='lat' dir='ltr'><strong>vocis</strong></span> <span class='ocrx_word' id='word_1_277' title='bbox 916 4109 1032 4190; x_wconf 90' lang='lat' dir='ltr'><strong>sedem,</strong></span> <span class='ocrx_word' id='word_1_278' title='bbox 1056 4112 1153 4177; x_wconf 89' lang='lat' dir='ltr'><strong>veluti</strong></span> <span class='ocrx_word' id='word_1_279' title='bbox 1174 4116 1291 4189; x_wconf 86' lang='grc' dir='ltr'>πολιὸν,</span> 
     </span>
     <span class='ocr_line' id='line_1_38' title="bbox 194 4211 1292 4303; baseline 0.002 -23"><span class='ocrx_word' id='word_1_280' title='bbox 194 4216 341 4303; x_wconf 81' lang='lat' dir='ltr'><strong>migrasse</strong></span> <span class='ocrx_word' id='word_1_281' title='bbox 356 4227 491 4292; x_wconf 88' lang='lat' dir='ltr'><strong>censent,</strong></span> <span class='ocrx_word' id='word_1_282' title='bbox 502 4212 578 4275; x_wconf 91' lang='lat' dir='ltr'><strong>mihi</strong></span> <span class='ocrx_word' id='word_1_283' title='bbox 595 4211 742 4277; x_wconf 88' lang='lat' dir='ltr'><strong>videntur</strong></span> <span class='ocrx_word' id='word_1_284' title='bbox 756 4212 788 4276; x_wconf 92' lang='lat' dir='ltr'><strong>in</strong></span> <span class='ocrx_word' id='word_1_285' title='bbox 803 4235 906 4277; x_wconf 89' lang='lat' dir='ltr'><strong>errore</strong></span> <span class='ocrx_word' id='word_1_286' title='bbox 914 4215 1044 4279; x_wconf 72' lang='lat' dir='ltr'><strong>uersari.</strong></span> <span class='ocrx_word' id='word_1_287' title='bbox 1084 4218 1197 4303; x_wconf 89' lang='lat' dir='ltr'><strong>Neque</strong></span> <span class='ocrx_word' id='word_1_288' title='bbox 1210 4219 1292 4281; x_wconf 88' lang='lat' dir='ltr'><strong>enim</strong></span> 
     </span>
    </p>
   </div>
   <div class='ocr_carea' id='block_1_6' title="bbox 0 0 1430 4898">
    <p class='ocr_par' dir='ltr' id='par_1_14' title="bbox 0 0 1430 4898">
     <span class='ocr_line' id='line_1_39' title="bbox 0 0 1430 4898; baseline 0 0"><span class='ocrx_word' id='word_1_289' title='bbox 0 0 1430 4898; x_wconf 95' lang='lat' dir='ltr'><strong> </strong></span> 
     </span>
    </p>
   </div>
  </div>
 </body>
</html>
