2850 4898
509 281 854 342 ΛΠΟΣΠΑΣΜΑΤΙΑ.

173 549 307 609 Stobaeus
322 567 370 624 31.
385 569 415 626 p.
432 566 499 604 211.
671 481 693 539 4

219 648 313 712 Αἰδὼς
326 648 384 727 γὰρ
399 647 488 725 ὀργῆς
501 649 608 708 πλεῖον
623 642 740 724 ὠφελεῖ
749 642 885 724 βροτούς.

174 854 308 912 Stobaeus
322 867 372 928 37.
387 871 416 927 p.
433 851 498 908 226.
671 783 691 847 5

217 948 305 1015 Εἰκὸς
319 949 352 1011 δέ
367 948 455 1010 παντὶ
472 948 520 1010 καὶ
534 947 616 1032 λόγῳ
631 946 679 1009 καὶ
690 948 808 1029 μηχανῇ

216 1052 355 1133 πατρῶος
370 1051 497 1131 ἐρῶντας
513 1051 651 1112 ἐκπονεῖν
667 1050 824 1128 σωτηρίαν.

171 1257 305 1315 Stobaeus
319 1255 370 1328 48.
385 1275 414 1331 p.
431 1273 447 1329 3
451 1271 501 1330 5¹·
670 1169 689 1229 ό

258 1356 350 1415 Φιλεῖ
362 1376 407 1414 τοι
421 1353 552 1431 πόλεμος
567 1351 601 1415 οὐ
616 1349 700 1415 πάντ’
718 1350 864 1432 εὐτυχεῖν·

217 1457 335 1517 ἐσθλῶν
350 1455 381 1516 δὲ
397 1455 495 1537 χαίρει
509 1455 665 1532 πτώμασιν
681 1458 816 1528 νεανιῶν,

217 1556 321 1623 κακοὺς
335 1557 367 1619 δέ
382 1561 474 1634 μισεῖ.
498 1559 533 1634 τῇ
548 1557 636 1618 πόλει
651 1555 707 1633 μέν
722 1555 775 1617 οὖν
791 1555 880 1620 νόσος

214 1656 273 1721 τόδ’
291 1658 365 1729 ἐστὶ,
383 1663 444 1724 τοῖς
459 1659 491 1720 δέ
508 1661 705 1721 κατθανοῦσιν
721 1656 848 1724 εὐκλεές.

668 1792 685 1857 7

171 1863 305 1921 Stobaeus
316 1881 364 1939 49.
380 1884 410 1940 p.
426 1879 494 1939 354.
516 1866 661 1935 Τημενίδαι

214 1958 278 2023 Οὔκ
294 1959 359 2022 ἐστι
376 1966 508 2040 κρεῖττον
524 1961 602 2022 ἄλλο
616 1960 696 2037 πλὴν
713 1966 830 2042 κρατεῖν
845 1962 919 2042 δορί.

669 2094 687 2153 8

171 2178 305 2237 Stobaeus
319 2180 437 2237 ibidem.

213 2278 338 2353 Τολμῖιν
353 2276 386 2337 δέ
400 2276 507 2357 χρεῶν·
531 2277 620 2356 ὁγὰρ
637 2275 670 2336 ἐν
687 2279 776 2360 καιρῷ

216 2379 328 2459 μόχθος
342 2375 461 2455 πολλὴν
479 2377 666 2456 εὐδαιμονίαν

215 2480 305 2542 τίκτει
321 2484 455 2558 θνητοῖσι
469 2484 626 2542 τελευτῶν.

170 2701 304 2758 Stobaeus
320 2715 368 2776 52.
384 2718 414 2776 p.
430 2698 500 2774 360.
520 2702 624 2775 τημένῳ
666 2634 685 2694 ⁹

214 2795 258 2859 Τὸ
273 2798 305 2859 δέ
322 2800 500 2876 στρατηγεῖν
514 2792 591 2858 ταῦτ’
608 2795 667 2877 ἐγὼ
683 2797 780 2876 κρίνω,
798 2804 893 2864 καλῶς

218 2906 328 2981 γνῶναι
343 2898 396 2962 τὸν
411 2897 529 2981 ἐχθρὸν,
546 2895 564 2975 ᾖ
577 2897 697 2976 μάλισθ’
715 2901 873 2978 ἁλώσιμος.

660 3050 700 3093 10

168 3121 294 3187 Ibidem,
309 3123 387 3196 ἐντῷ
401 3122 470 3197 αὐτῷ

208 3214 326 3296 Ἀρξεις
340 3214 385 3296 ἄρ’
402 3218 487 3278 οὕτω·
512 3215 569 3297 χρὴ
586 3216 619 3278 δέ
635 3213 688 3278 τὸν
704 3214 910 3295 στρατηλάτην

213 3320 289 3396 ὁμῶς
305 3319 418 3382 δίκαιον
432 3319 506 3380 ὄντα
519 3318 689 3397 ποιμαίνειν
704 3318 841 3398 στρατόν.

662 3475 674 3517 Ι
685 3475 697 3517 1

168 3539 292 3606 Ibidem,
306 3543 439 3611 Τημενίσι.

212 3632 308 3713 Ῥιίμη
323 3634 357 3698 δέ
371 3635 399 3716 γ’
415 3635 528 3715 ἀμαθὴς
542 3635 687 3702 πολλάκις
701 3638 790 3702 τίκτει
804 3637 939 3718 βλάβην.

169 3855 304 3915 Stobaeus
319 3873 368 3933 54.
383 3876 412 3933 p.
428 3858 497 3934 369.
519 3793 699 3936 Βοντημένηί2

208 3951 308 4032 Ἀλλη
323 3951 396 4032 πρὸς
412 3952 489 4015 ἄλλο
504 3958 576 4034 γαῖα
590 3955 807 4036 χρησιμωτέρα.

662 4109 698 4174 ¹3

166 4176 301 4236 Stobaeus
317 4176 364 4233 86.
380 4195 409 4253 p.
424 4194 495 4253 497.
517 4178 639 4248 Τημενίσι

212 4276 275 4336 Φεῦ
290 4275 357 4353 φεῦ,
374 4271 408 4334 τὸ
424 4276 516 4355 φῦναι
529 4272 640 4353 πατρὸς
656 4273 794 4354 εὐγενοῦς
809 4276 867 4339 ἄπο

631 4396 641 4432 1
657 4397 666 4433 1
682 4396 698 4452 3
