2850 4898
185 277 270 340 1008
644 274 798 337 NOTAE.

186 444 355 509 Vaticanus
376 454 434 519 est,
454 440 538 506 edidi
559 440 628 509 θένε
650 443 730 509 θένε.
772 443 883 530 Hujus
907 443 1083 530 imperativi
1104 442 1284 530 exemplum

184 562 231 611 est
253 544 338 633 apud
368 544 609 632 Aristophanem
633 546 665 609 in
689 546 816 610 Avibus
830 570 860 609 v.
875 564 929 632 54.
952 551 992 633 τῷ
1016 547 1119 613 σκέλει
1141 547 1211 611 θένε
1231 547 1286 626 τὴν

184 651 307 732 πέτραν.

229 753 268 816 V.
284 752 359 833 687.
377 751 411 816 οὐ
420 751 515 838 μενῶ]
533 751 568 815 οὗ
581 752 638 830 μέν
652 753 705 815 σόν
720 751 944 816 Lachmannus
958 750 990 815 in
1007 751 1087 817 libro
1099 751 1141 816 de
1154 750 1287 816 choricis

185 854 360 942 systematis
374 876 408 940 p.
424 867 476 937 25.

228 957 269 1021 V.
281 960 354 1039 762.
371 954 486 1042 Vulgo,
500 957 565 1019 έπεὶ
578 958 637 1038 γὰρ
649 957 725 1036 ἡμᾶς
739 955 839 1020 εὕνασ’
853 954 1010 1039 Ἕκτσρεία
1023 960 1100 1041 χείρ.
1139 959 1212 1022 Νο11
1228 956 1285 1020 de-

184 1057 278 1123 bebat
292 1057 365 1122 libri
380 1056 571 1121 Havniensis
585 1056 738 1144 scriptura
751 1056 896 1140 Ἕκτορέα
906 1060 973 1142 χεὶρ
988 1061 1098 1124 εὔνασε
1117 1059 1218 1123 textui
1238 1060 1287 1123 in-

184 1161 270 1239 ferri,
285 1184 381 1248 quam
396 1160 487 1225 valde
504 1174 680 1247 suspectam
701 1159 805 1223 reddit
824 1160 895 1224 libri
911 1160 1053 1225 Vaticani
1073 1160 1165 1226 lectio
1177 1160 1283 1226 Έκτο-

184 1265 251 1345 ρεία
264 1264 331 1347 χεὶρ
346 1265 467 1328 εόνασε.
513 1263 612 1326 Recte
626 1261 722 1326 habet
735 1259 891 1345 Ἑκτόρεια
904 1277 1048 1348 correpta
1066 1262 1185 1350 syllaba
1199 1278 1286 1351 post-

184 1388 280 1431 rema.
326 1363 493 1452 Ejusmodi
515 1377 562 1429 est
581 1365 785 1428 Πολυδεύκεα
799 1365 866 1447 χεὶρ
880 1365 921 1429 ab
936 1364 1078 1453 Etymol.
1096 1367 1147 1429 M.
1164 1389 1193 1453 p.
1206 1368 1284 1448 461,

184 1491 204 1550 4
205 1484 237 1554 5.
262 1482 480 1532 memoratum.
525 1466 688 1548 Διομήδεια
701 1466 787 1552 apud
803 1467 1047 1556 Aristophanem
1067 1468 1237 1536 Ecclesiaz.
1251 1492 1284 1533 v.

189 1589 279 1654 1029.

228 1673 266 1736 V.
283 1673 354 1736 822.
372 1673 586 1748 Hermannus‚
602 1672 662 1735 rdr'
676 1670 721 1753 ἄρ’
739 1672 857 1752 ἔμολεν,
874 1675 924 1736 ότε
947 1698 997 1736 σοι
1016 1671 1023 1759 Ι
1041 1675 1171 1755 ἅγγελος
1189 1673 1286 1754 ἦλθον

185 1776 263 1858 ἀμφὶ
281 1772 288 1862 Ι
306 1774 395 1839 ναυσὶ
409 1771 687 1856 πυραῖθανἈργσς,
708 1772 713 1860 Ι
733 1775 798 1839 έπεὶ
813 1777 965 1857 ἄγρυπνον
979 1775 1045 1855 ὄμμ’
1063 1778 1097 1839 έν
1112 1777 1242 1858 εὐφρόνῃ
1261 1774 1267 1861 Ι

185 1876 245 1940 οὔτ’
262 1875 385 1956 ἑκοίμισ’
404 1874 464 1940 οὔτ’
488 1876 617 1956 ἔβριξεν,
641 1875 676 1939 οὔ
697 1879 750 1943 τὰς
767 1875 774 1962 Ι
794 1877 1003 1956 Σιμοεντιάδας
1023 1875 1130 1959 πηγός.
1151 1875 1156 1964 Ι
1174 1878 1214 1956 μή
1234 1905 1286 1959 μοι

186 1980 282 2054 κότον,
299 1977 389 2059 ὦναξ,
409 1978 414 2066 Ι
447 1980 515 2041 τόδε
532 1982 594 2056 θῇς·
618 1978 748 2044 ἀναίτιος
763 1981 820 2060 γὰρ
839 1978 844 2063 Ι
863 1977 983 2042 πόντων
1026 1979 1045 2020 ¹*
1089 1984 1109 2023 *
1129 1978 1134 2066 Ι
1155 2026 1164 2042 .

228 2085 267 2148 V.
281 2103 356 2168 900.
373 2081 432 2146 ἀπὸ
453 2082 509 2159 μέν
531 2078 667 2162 φαμένας
691 2081 764 2159 έμοῦ
786 2079 1052 2168 πορευθεὶς,Ιάπά
1076 2083 1102 2146 δ’
1122 2084 1287 2163 ἀντομένου

184 2187 295 2271 πατρὸς
316 2185 433 2270 βιαίως]
460 2181 640 2268 legebatur
663 2182 931 2265 ἀπσπεμψαμένας.
956 2182 1043 2249 libris
1065 2184 1145 2250 inter
1171 2186 1230 2250 hoc
1252 2202 1287 2251 et

184 2287 437 2372 ἀποπεμφομένας
462 2299 494 2348 et
518 2283 776 2366 ἀπομεμφομένας
800 2284 1004 2349 variantibus.
1049 2289 1192 2365 Quorum
1219 2311 1287 2353 om-

184 2391 271 2455 nium
294 2386 468 2455 communis
489 2385 577 2473 origo
600 2401 647 2449 est
673 2409 712 2450 ex
737 2386 890 2472 scriptura
907 2388 1003 2452 veteri
1028 2389 1286 2476 explicandorum

184 2493 242 2558 ἀπὸ
257 2494 316 2572 μέμ
330 2490 476 2575 φαμένας,
492 2489 583 2575 cujus
599 2486 691 2575 plura
713 2488 744 2552 in
765 2488 925 2553 codicibus
939 2489 995 2576 qui
1009 2489 1050 2554 ad
1064 2505 1199 2556 nostram
1216 2515 1287 2581 per-

182 2608 336 2657 venerunt
350 2606 473 2656 aetatem
490 2588 620 2675 vestigia
635 2605 812 2676 supersunt.
854 2590 904 2654 Sic
920 2592 1088 2656 Ravennss
1104 2593 1286 2682 Aristopha-

185 2694 233 2759 nis
254 2694 333 2758 liber
354 2694 385 2757 in
411 2691 530 2756 Avibus
545 2715 574 2756 ν.
597 2694 688 2775 1694.
705 2694 741 2771 ἐμ
763 2698 902 2756 Φαναῖσι.
925 2692 957 2755 in
974 2694 1084 2781 Vespis
1098 2719 1128 2760 v.
1145 2714 1221 2780 399.
1244 2697 1285 2777 ἥμ

184 2823 255 2866 πως.
279 2797 310 2860 in
337 2794 504 2861 Ecclesiaz.
521 2818 552 2858 v.
573 2813 629 2880 103
632 2813 664 2880 5.
687 2795 728 2876 ἤμ
749 2821 814 2877 περ.
837 2795 869 2859 in
893 2796 1123 2886 Thesmophor.
1140 2823 1170 2862 v.
1191 2818 1284 2885 1034.

184 2902 239 2982 ξὺμ
252 2905 369 2965 παιῶνι.
392 2898 451 2963 ἀπὸ
465 2901 521 2978 μὲν
536 2912 639 2961 autem
656 2911 693 2962 ut
708 2897 891 2962 restituatur
908 2923 945 2963 co
966 2900 1065 2987 magis
1084 2915 1131 2965 est
1148 2924 1287 2965 necessa-

184 3002 266 3067 rium
282 3001 368 3090 quod
384 3001 442 3066 ἀπό
456 3003 489 3064 δέ
504 2999 668 3087 sequitur:
691 2999 867 3085 cujusmodi
887 2999 920 3063 in
939 3000 1014 3066 locis
1027 3005 1083 3083 μὲν
1100 3002 1286 3090 particulam

184 3106 236 3170 vix
253 3127 393 3191 unquam
408 3102 558 3168 omittunt
574 3101 738 3188 scriptores
755 3101 870 3167 Graeci.

228 3210 267 3273 V.
284 3226 358 3292 912.
374 3208 433 3270 ὑπό
447 3204 471 3267 τ’
486 3204 568 3290 Ἰλίῳ
583 3206 682 3269 ὤλεσε
695 3206 751 3283 μέν
766 3208 803 3269 τὰ
824 3207 934 3287 Τροίας
952 3205 958 3291 Ι
977 3209 1109 3290 φίλτατα
1129 3209 1288 3273 Herman-

184 3333 253 3375 nus.

594 3395 864 3459 HIPPOLYTI

185 3515 225 3577 V.
243 3531 333 3596 1197.
348 3513 403 3591 τὴν
426 3512 510 3578 εὐθὺς
526 3510 657 3594 Ἀργους
679 3514 868 3593 κάπιδανρίας
889 3515 972 3599 ὁδόν]
993 3514 1128 3579 Unicum
1148 3515 1208 3580 hoc
1228 3532 1286 3595 est,

184 3617 224 3682 de
238 3639 303 3703 quo
318 3613 444 3702 quidem
461 3613 563 3678 dicere
578 3614 833 3701 operaepretium
849 3615 899 3691 sit,
912 3615 943 3680 in
953 3632 1094 3681 veterum
1105 3619 1286 3683 Atticorum

184 3718 306 3805 scriptis
320 3715 498 3803 exemplum
515 3714 677 3802 particuloe
695 3716 778 3783 εὐθὺς
792 3739 851 3803 pro
867 3718 935 3782 εὐθὺ
949 3718 1070 3804 positae,
1086 3721 1227 3807 agnitum
1246 3722 1288 3785 ab

184 3821 300 3886 Photio
314 3844 344 3908 p.
355 3840 409 3905 32,
424 3838 472 3884 12.
497 3820 577 3883 Εόθὺ
595 3823 691 3902 (recte
707 3819 791 3886 εὐθὺς
805 3819 986 3884 Meinekius
997 3822 1117 3890 Quoest.
1132 3825 1220 3888 Sccn.
1235 3826 1287 3889 Il.

183 3949 215 4013 p.
231 3929 298 4009 33.)
324 3925 468 3987 Λυκείουι
493 3921 527 3984 τό
544 3924 584 3989 εἰς
598 3924 734 3986 Λύκειον·
758 3923 828 3985 ὅθεν
842 3920 1062 4005 Ἐρατοσθένης
1076 3926 1123 3989 καὶ
1138 3930 1186 3990 διὰ
1200 3931 1287 3991 ταῦτα

183 4030 341 4093 ὑποπτεύει
360 4026 427 4094 τοὺς
449 4031 630 4092 Μεταλλεῖς.
658 4025 705 4089 καὶ
726 4024 883 4105 Εὐριπίδης
905 4026 957 4089 οὐκ
979 4029 1072 4108 ὀρθῶς
1088 4039 1108 4061 “
1123 4029 1187 4108 Τὴν
1204 4030 1288 4098 εὐθὺς

178 4130 308 4212 Ἀργους
334 4130 382 4193 καὶ
406 4128 597 4210 Ἐπιδαυρίας
622 4126 725 4192 όάόν.”
771 4129 818 4191 At
842 4127 867 4191 si
896 4152 1004 4193 verum
1031 4145 1078 4194 est
1100 4131 1286 4218 Euripidem

183 4231 337 4320 scripsisse
360 4231 454 4310 εὐθὺς,
470 4230 723 4308 Eratosthenem,
742 4253 836 4315 quem
861 4231 911 4294 vix
936 4232 995 4296 hoc
1017 4233 1128 4320 fugere
1150 4248 1286 4319 poterat,
