2850 4898
204 283 269 345 848
639 289 867 351 ΕΥΡΙΠΙΔΟΥ

245 550 378 610 Stobaeus
391 552 500 611 ibidem
737 471 776 514 ¹0

283 644 454 731 Ἠλεγχον·
477 650 552 712 οίίτα
567 652 626 730 γὰρ
642 649 733 713 κακὸν
748 654 857 715 δοῦλον
871 651 968 734 γένος·

288 750 403 831 γαστὴρ
417 748 544 825 ἅπαντα,
560 748 691 815 τοῦπίσα
706 750 730 814 δ’
743 753 830 817 οὐδὲν
840 759 957 818 σκοπεῖ.

736 890 771 933 11

242 952 376 1014 Stobaeue
389 957 499 1015 ibidem

288 1051 415 1114 Δοόλαν
429 1051 497 1115 ὅσοι
511 1056 634 1133 φιλοῦσι
649 1058 801 1116 δεσποτῶν
815 1054 912 1135 γένος,

286 1150 359 1232 πρὸς
373 1158 432 1216 τῶν
446 1155 556 1233 ὁμοίων
568 1155 704 1233 πόλεμον
719 1156 852 1235 αἴρονται
865 1153 970 1235 μέγαν.

732 1290 771 1335 12

241 1358 375 1416 Stobaeus
388 1360 438 1432 67.
450 1378 480 1434 p.
496 1376 565 1433 424.

284 1451 339 1516 Ἐκ
354 1459 413 1517 τῶν
428 1455 538 1532 ὁμοίαν
553 1457 582 1517 ol
597 1455 680 1518 κακοὶ
694 1453 819 1536 γαμοῦσ’
835 1456 891 1519 ἀεί.

734 1593 747 1635 1

239 1658 374 1717 Stobaeus
386 1678 437 1734 40.
452 1681 481 1737 p.
496 1660 564 1734 238.
751 1593 770 1658 3

278 1752 385 1833 Ἀναξ,
401 1757 543 1834 διαβολαὶ
558 1756 656 1820 δεινὸν
672 1758 836 1837 ἀνθρώποις
850 1758 949 1821 κακόν·

285 1858 443 1943 ἆγλωσσίᾳ
457 1860 489 1921 δὲ
504 1857 649 1926 πολλάκις
662 1860 789 1941 ληφθεὶς
803 1860 877 1940 ἀνὴρ

283 1962 380 2024 δίκαια
389 1960 479 2039 λέξας
492 1961 591 2040 ἧσσον
605 1962 782 2043 εὖγλόσσον
797 1962 891 2042 φέρει.

197 2061 235 2122 V.
249 2081 276 2132 2,
286 2082 315 2138 3.
344 2065 482 2124 Clemens
495 2066 578 2123 Alex.
597 2065 705 2124 Strom.
721 2066 746 2124 1.
762 2085 790 2143 p.
805 2084 871 2142 290.
914 2065 953 2124 V.
971 2083 997 2122 2.
1021 2063 1155 2122 Stobaeus
1177 2066 1296 2138 εὔγλωσ-

197 2161 252 2232 σία.

727 2293 767 2355 14

238 2363 372 2420 Stobaeus
386 2380 435 2438 91.
452 2381 480 2439 p.
491 2379 560 2438 507.

276 2455 400 2521 Ἀδικον
416 2456 440 2521 δ’
457 2460 473 2520 ό
488 2462 625 2532 πλοῦτος,
641 2460 743 2521 πολλα
758 2456 781 2521 δ’
797 2458 850 2521 οὐκ
864 2460 957 2539 ὀρθῶς
969 2463 1057 2522 ποιεῖ.

729 2574 765 2642 ¹5

236 2663 370 2721 Stobaeue
385 2678 434 2738 95.
448 2683 478 2739 p.
488 2681 504 2738 5
515 2663 558 2720 ιδ.
574 2674 605 2720 et
619 2682 649 2720 v.
664 2680 689 2727 1,
705 2679 729 2717 2.
753 2662 844 2719 Clem.
859 2662 943 2720 Alex.
960 2661 1067 2720 Strom.
1083 2661 1136 2721 IV.
1147 2683 1177 2739 p.
1189 2663 1259 2737 483.

282 2759 424 2822 Κατιόντι
438 2755 581 2837 βούλευμ’
596 2756 634 2836 δν
647 2755 691 2838 ἆρ’
709 2760 750 2824 είς
765 2758 922 2840 εὐανδρίαν

280 2862 296 2923 ό
311 2864 440 2927 πλοῦτος
454 2861 655 2941 ἆνθρόποισιν
666 2861 699 2923 αἴ
712 2858 736 2922 τ’
753 2862 831 2942 ἄγαν
845 2862 965 2942 τροφαί.

279 2964 368 3026 πενία
383 2964 415 3025 δὲ
430 2965 577 3042 δύστηνον
591 2964 657 3042 μὲν,
674 2959 742 3026 δλλ’
759 2964 837 3041 ὅμως
847 2962 951 3044 τρέφει

279 3063 436 3147 μοχθοῦντ’
452 3065 562 3144 ἀμείνω
576 3064 666 3129 τέκνα
681 3065 729 3128 καὶ
744 3064 912 3146 δραστήρια.

235 3270 369 3329 Stobaeus
385 3269 433 3341 84.
450 3289 479 3347 p.
492 3288 562 3346 492.
728 3186 765 3247 ¹6

281 3367 536 3447 Περισσόμοθοςό
551 3367 653 3447 λόγος,
671 3365 824 3449 εὐγένειαν
839 3369 866 3430 εἰ

277 3469 417 3548 βρότειον
432 3466 647 3548 εὐλογήσομεν.

278 3568 312 3632 τδ
327 3571 385 3650 γὰρ
399 3568 493 3632 πάλαι
508 3569 556 3631 καὶ
570 3575 687 3650 πρῶτον
701 3569 743 3634 ὅτ’
760 3572 936 3652 ἐγενόμεθα,

279 3673 327 3734 διδ
341 3669 365 3733 δ’
382 3670 496 3751 ἔκρινεν
510 3672 529 3732 δ
544 3675 671 3734 τεκοῦσα
685 3676 725 3753 γᾶ
734 3672 869 3753 βροτοὺς,

278 3774 384 3853 ὁμοίαν
397 3773 480 3856 χθδν
494 3770 607 3836 ἅπασιν
622 3774 831 3851 ἑξεπαίδενσεν
844 3777 928 3856 ὄψιν.

278 3879 353 3939 ἴδιον
368 3875 454 3938 οὐδὲν
469 3873 588 3957 ἔχομεν·
611 3874 665 3954 μία
679 3876 712 3938 δὲ
726 3877 803 3957 γονδ

278 3978 313 4040 τό
327 3975 351 4039 τ’
369 3977 487 4057 εὐγενὲς
502 3977 549 4039 καὶ
562 3975 596 4039 τδ
608 3976 760 4059 δυσγενές·

279 4082 358 4166 νόμῳ
373 4081 405 4143 δὲ
419 4083 531 4161 γαῦρον
544 4079 615 4143 αὐτὸ
629 4080 740 4160 κραίνει
753 4081 869 4162 χρόνος.

277 4182 312 4244 τδ
327 4184 473 4263 φρόνιμον
489 4181 625 4264 εὐγένεια
641 4182 689 4245 καὶ
703 4182 737 4245 τὸ
752 4182 878 4246 συνετὸν
891 4180 914 4266 ᾧ

279 4285 346 4352 θεὸς
359 4285 488 4357 δίδωσιν,
504 4279 561 4367 οδχ
574 4287 591 4348 ό
603 4289 739 4352 πλοῦτος.
