2850 4898
205 273 269 338 890
646 278 872 338 ΕΥΡΙΠΙΔΟΥ

739 445 776 506 18

246 549 379 607 Stobaeus
394 567 441 621 42.
457 568 485 624 p.
496 550 564 621 276.

292 644 345 721 Μὴ
360 648 466 721 νεῖκος,
484 641 508 706 ὦ
521 646 631 725 γεραιὲ,
649 644 793 724 κοιράνοις
808 645 900 718 τίθου,

291 746 397 826 σέβειν
411 748 443 810 δὲ
459 746 525 812 τοὺς
540 750 717 827 κρατοῦντας
731 749 854 830 ἆρχαῖος
868 745 967 827 νόμος.

642 991 868 1051 ΕΡΕΧΘΕΎΣ.

244 1108 416 1166 Plutarchus
430 1108 537 1165 Moral.
552 1128 581 1184 p.
592 1125 650 1181 310
662 1108 690 1164 d.
710 1107 848 1179 Ἐρεχθεὺς
860 1111 926 1182 πρὸς
939 1112 1078 1180 Εὔμολπον
1090 1115 1212 1179 πολεμῶν
1224 1114 1308 1182 ἔμαθε

202 1209 313 1277 νικῆσαι,
329 1207 374 1260 ἐὰν
386 1206 433 1275 τὴν
450 1207 577 1278 θυγατέρα
590 1203 720 1277 προθύσῃ·
737 1206 778 1259 καὶ
792 1206 999 1278 συγκοινωνήσας
1013 1210 1044 1276 τῇ
1058 1211 1156 1280 γυναικὶ
1170 1212 1306 1282 Πραξιθέᾳ

202 1304 333 1379 προέθυσε
346 1305 393 1373 τὴν
406 1305 495 1360 παῖδα.
522 1305 645 1373 μέμνηται
659 1303 798 1375 Εὐριπίδης
812 1304 839 1357 έν
851 1302 978 1375 Ἐρεχθεῖ.

246 1510 340 1567 elem.
353 1506 437 1564 Alex.
454 1502 562 1561 Strom.
573 1501 626 1557 Vl.
641 1521 671 1577 p.
682 1434 785 1576 6191d.
808 1501 977 1560 Eustathius
991 1522 1021 1578 p.
1037 1504 1124 1579 1058,
1136 1523 1166 1577 4.

647 1598 692 1653 Ἐν
705 1600 830 1674 ἀστρώτῳ
842 1600 912 1675 πέδην

324 1699 439 1761 εὕδουσι,
454 1699 547 1770 πηγαῖς
560 1694 583 1750 θ’
597 1696 647 1766 οὐχ
660 1695 825 1766 ὖγραένονσιν
838 1699 928 1755 πόδας.

204 1803 248 1859 De
263 1799 359 1864 sellis,
378 1795 487 1856 oraculi
502 1793 646 1851 Dodonaei
665 1792 873 1861 sacerdotibus,
892 1794 942 1870 qui
959 1796 1138 1863 ἀνιπτόποδες,
1152 1802 1307 1869 χαμαιεῦναι

203 1910 347 1958 vocantur
360 1897 394 1954 Il.
408 1919 437 1961 π,
451 1912 519 1967 224.
540 1892 602 1949 haec
616 1890 703 1947 dicta.

245 1995 307 2071 [Ex
327 1996 382 2052 hac
401 1993 505 2049 sabulae
520 2001 603 2066 parte
618 2007 716 2046 versus
731 2000 775 2047 est
795 1989 832 2045 ab
847 1991 1001 2048 Eustathio
1022 2011 1051 2067 p.
1069 2009 1153 2065 1720,
1167 2010 1215 2067 23.
1243 2012 1306 2051 ser·

204 2106 289 2152 vatus

324 2186 458 2244 Τοῦνθένθ
472 2186 582 2256 ἀπέχθνσ
595 2188 744 2259 βαρβάρους
758 2188 835 2241 οἰκεῖν
848 2187 923 2243 δοκῶ.

206 2307 293 2367 quem
308 2283 496 2361 Aristophani
510 2301 569 2339 non
585 2293 665 2340 recte
676 2282 764 2339 tribui
776 2282 890 2340 ostendi
900 2283 935 2341 ad
945 2286 1049 2343 comici
1060 2283 1224 2364 fragmenta
1233 2307 1264 2365 p.
1275 2288 1304 2346 8.

205 2386 241 2443 G.
250 2383 416 2455 Dmnoqu

245 2581 380 2661 Append.
403 2580 499 2635 Vatic.
523 2579 561 2643 II,
579 2581 626 2653 67,
650 2599 679 2654 p.
694 2511 764 2656 2922.
789 2583 898 2652 Μίασμα
921 2585 1015 2657 θρυόςι
1045 2586 1104 2659 παρ’
1127 2589 1253 2662 Εὐριπίδη
1277 2591 1307 2645 έν

203 2686 323 2759 Ἐρεχθεῖ
336 2682 508 2749 αἰνιττόμενον
521 2679 552 2731 τὸ
564 2681 677 2743 θηβαῖον
690 2682 860 2752 παρανόμημα
873 2681 910 2738 εἷς
923 2683 954 2735 τὸ
968 2682 994 2736 έν
1009 2684 1119 2754 Δωδώνη
1132 2690 1307 2756 μαντεῖον.-

204 2881 423 2952 ζέονταέριιτικῶς
438 2877 599 2931 θιατιθεῖσον
613 2876 649 2931 εἶς
661 2874 704 2929 ἕνα
718 2880 769 2930 τῶν
783 2877 895 2946 θεωρῶν.

247 3077 421 3155 Hesychius,
443 3079 538 3148 Ζιῦγος
556 3074 724 3146 τριπάρθενον
736 3005 905 3149 ιὸΕὗριπίδης
924 3076 1050 3150 Ἐρεχθεῖ.
1084 3079 1188 3137 Theon
1212 3082 1304 3140 schol,

205 3180 235 3235 in
250 3177 330 3233 Arat.
344 3174 408 3247 169.
424 3173 563 3245 Εὐριπίδης
575 3174 622 3242 μέν
630 3169 676 3226 οὖν
685 3172 713 3226 έν
722 3171 841 3245 Ἐρεχθεῖ
847 3176 893 3232 τὰς
905 3174 1047 3248 Ἐρεχθέως
1058 3180 1198 3252 θυγατέρας
1210 3181 1307 3240 Ὑάδας

205 3277 272 3348 φησὶ
286 3272 408 3346 γενέσθαι
422 3273 491 3342 τρεῖς
498 3272 589 3325 οὔσας.

245 3472 379 3530 Stobaeus
394 3488 444 3545 52·
459 3489 487 3544 p.
497 3468 564 3541 360.
741 3402 762 3460 4

290 3551 395 3615 Οὐδεὶς
410 3549 592 3628 στρατεύσας
607 3547 693 3609 ἄδικα
708 3554 767 3614 σῶς
780 3550 873 3628 ἦλθεν
887 3554 990 3619 πάλιν.

244 3758 377 3816 Stobaeus
390 3774 440 3831 49.
456 3774 486 3830 p.
498 3770 565 3829 355.
742 3686 761 3749 5

288 3853 430 3934 Ὀλίγονς
446 3853 556 3915 έπαινῶ
570 3857 689 3930 μᾶλλον
703 3850 721 3930 ἢ
736 3853 867 3920 πολλοὺς
883 3858 996 3922 κακούς.

244 4077 378 4135 Stobaeus
394 4091 442 4151 52.
458 4095 485 4151 p.
502 4077 569 4150 360.
743 3989 762 4050 6

287 4171 344 4237 Ὡς
359 4171 416 4233 σὺν
430 4176 526 4234 θεοῖσι
540 4172 607 4237 τοὺς
622 4172 735 4253 σοφοὺς
750 4178 841 4236 κινεῖν
857 4176 926 4254 δόρυ
1028 4230 1035 4236 .

289 4272 493 4355 στρατηλάτας
507 4275 573 4356 χρὴ,
590 4279 648 4336 τῶν
664 4278 738 4337 θεῶν
753 4277 784 4337 δὲ
799 4275 839 4353 μὴ
852 4277 918 4359 βίη.
