2850 4898
523 300 870 361 ΑΠΟΣΠΑΣΜΑΤΙΑ.
1184 300 1249 368 963

231 463 406 544 θαυμάζεται
421 467 448 529 δ’
463 469 480 530 ὁ
494 471 640 532 πλεῖστον
656 470 689 533 ἓν
705 475 788 536 ναοῖς
803 471 883 553 ἔχων

229 569 352 650 χρυσόν·
382 570 414 632 τί
426 573 498 649 δῆτα
513 572 560 634 καὶ
575 574 612 635 σέ
628 574 734 636 κωλύει
749 579 860 653 λαβεῖν

230 669 331 752 κέρδος
343 672 441 752 παρόν
455 698 501 754 γε,
519 674 746 754 κάξαμαιοῦσθαι
761 681 848 743 θεοῖς.

682 794 703 855 6

184 873 317 934 Stoboeus
331 877 395 935 Ecl.
411 878 479 936 Eth.
494 880 553 938 vol.
564 880 603 937 11.
619 899 650 955 p.
665 899 695 953 4.
797 942 800 946 A

229 972 271 1033 Τί
283 974 355 1050 δῆτα
370 971 470 1040 θάκοις
484 975 616 1057 ἀρχικοῖς
630 975 767 1055 ἐνήμενοι

230 1078 334 1155 σαφεῖς
349 1072 503 1154 διάμνυσθ
520 1077 628 1141 εἰδέναι
643 1080 680 1142 τὰ
692 1076 838 1158 δαιμόνων

229 1177 258 1239 οἱ
273 1182 365 1241 τῶνδε
379 1180 576 1261 χειρώνακτες
590 1181 738 1262 ἄνθρωποι
753 1179 872 1263 λάγων;

229 1280 312 1347 ὅστις
324 1283 383 1362 γὰρ
398 1282 487 1365 αὐχεῖ
499 1287 576 1346 θεῶν
592 1285 770 1348 ἐπίστασθαι
785 1284 863 1366 πέρι,

229 1381 317 1446 οὐδέν
331 1408 359 1447 τι
372 1392 491 1463 μάλλον
506 1384 587 1449 οἶδεν
600 1383 619 1464 ἢ
634 1388 731 1450 πείθει
741 1386 849 1469 λέγων.

683 1539 699 1602 7

183 1622 332 1681 Aristotel.
346 1622 429 1682 Poet.
442 1642 489 1690 νυ,
505 1642 549 1699 13.
583 1622 654 1692 Οῖον,
668 1628 700 1681 τὸ
718 1628 781 1682 αὐτὸ
799 1628 956 1698 ποιησαντος
970 1629 1088 1700 ῖαρβεῖον
1107 1630 1244 1703 Αἰσχύλον

142 1720 183 1773 καὶ
197 1718 349 1793 Εὐριπίδου,
359 1719 386 1775 ir
399 1722 428 1776 δὲ
438 1725 517 1792 μόνον
525 1721 605 1793 ὄνομα
614 1724 802 1794 μετατιθέντος,
813 1724 871 1779 int
884 1726 972 1798 κνρῖου
984 1727 1104 1785 εἰωθότος
1112 1731 1242 1802 γλῶτταν,

142 1819 173 1872 τὸ
186 1820 234 1889 μὲν
246 1819 365 1888 φαίνεται
377 1822 467 1886 καλὸν,
482 1823 513 1875 τὸ
532 1820 555 1875 δ’
570 1822 681 1878 εὐτελές.
704 1820 838 1892 Αἰσχύλος
857 1825 905 1894 μὲν
923 1824 974 1896 γάρ
995 1823 1024 1877 ε’ν
1042 1829 1080 1899 τῷ
1098 1824 1243 1895 Φιλοκτήτῃ

142 1915 250 1984 ε’ποίησε

263 1998 416 2070 φαγέδαινα,
432 1998 449 2068 ἦ
460 2021 511 2069 ρον
525 2000 623 2071 σάρκας
636 1999 718 2053 ε’σθῖει
732 1999 825 2063 ποδὸς,

142 2093 157 2146 ά
171 2093 199 2148 δὲ
212 2093 270 2149 άντῖ
283 2098 330 2149 τοῦ
344 2095 426 2151 ε’σθίει
439 2097 470 2149 τὸ
485 2097 600 2152 θοινᾶται
613 2097 744 2167 μετέθηκε.

182 2293 353 2352 Plutarchus
366 2294 472 2352 Mornl.
488 2314 517 2370 p.
532 2294 607 2351 1108
622 2295 651 2354 b.
678 2296 763 2373 Diog.
776 2294 875 2353 baert.
890 2295 928 2362 V,
939 2313 967 2370 3.
993 2296 1097 2355 Cicero
1108 2298 1146 2356 de
1159 2299 1241 2356 Orat.

144 2391 198 2458 111,
210 2406 260 2467 35.
282 2392 408 2462 Quintil.
424 2392 519 2450 Instit.
530 2393 584 2450 III.
604 2411 628 2459 1,
642 2411 687 2466 ¹4·

226 2485 319 2570 Ὕπέρ
333 2514 370 2570 γε
383 2488 485 2568 μέντοι
499 2489 609 2555 παντὸς
622 2486 781 2568 Ἑλλήνων
797 2493 926 2570 στρατοῦ

228 2587 355 2670 αῖσχρὸν
369 2591 496 2666 σιωπᾶν,
511 2588 685 2670 βαρβάρους
698 2587 722 2653 δ’
736 2591 789 2653 ἓιῖν
803 2587 916 2672 λέγειν.

142 2701 163 2724 “
177 2693 311 2750 Alterum
331 2712 446 2751 versum
460 2695 571 2753 habent
584 2694 707 2772 Diogen.
723 2694 785 2753 Cic.
805 2695 907 2765 Quint.
923 2695 974 2753 sed
988 2714 1042 2770 pro
1055 2699 1204 2770 βαρβάρους
1217 2699 1240 2753 δ’

140 2791 189 2848 ille
203 2793 347 2864 Ξενοκράτη
360 2791 394 2858 δ’,
407 2790 531 2860 Quintil.
546 2794 586 2847 καῖ
598 2792 750 2866 Ἰσοκράτην
762 2792 809 2849 vel
822 2792 958 2865 Ἰσοκράτη
972 2793 1005 2858 δ’,
1020 2793 1071 2850 sed
1082 2794 1110 2850 in
1127 2794 1240 2871 Euripi·

142 2887 186 2945 dis
199 2907 286 2946 versu
299 2888 388 2946 filinae
397 2893 547 2964 βαρβάρους
560 2889 582 2945 t‘
597 2901 718 2965 apparet
733 2908 749 2946 e
764 2889 915 2947 Ciceronis
929 2888 1044 2946 verbis:
1067 2889 1239 2956 Aristoteles,

140 3006 220 3063 ηυιιοι
234 2987 340 3063 florere
358 2987 508 3045 Isocratem
531 2987 672 3044 nobilitate
695 2986 886 3061 dismpulorum
909 2987 1023 3052 videret,
1037 3008 1241 3045 --υενςνοι

140 3085 270 3160 quendam
284 3085 317 3140 de
329 3083 485 3141 Philocteta
493 3083 578 3159 paulo
591 3103 668 3141 secus
681 3083 760 3140 doit.
782 3083 837 3140 Ille
850 3084 920 3140 enim
934 3092 1013 3157 turpe
1024 3083 1078 3139 sibi
1090 3085 1131 3141 ait
1141 3093 1239 3153 tacere,

140 3201 219 3257 ηυιιυι
233 3181 373 3250 barbaros,
388 3181 433 3238 λῖν
445 3190 533 3238 autem
547 3201 625 3257 quum
639 3181 790 3238 Isocratem
804 3190 950 3256 poteretur
963 3181 1063 3239 dicere.
1095 3181 1138 3238 Ex
1152 3183 1239 3240 Ettri-

135 3279 211 3353 pido
225 3278 385 3337 Philoctete
406 3298 469 3337 esse
487 3298 547 3337 non
564 3290 645 3356 patet
671 3279 788 3355 quidem
808 3299 824 3336 e
846 3280 999 3344 Cicerone,
1018 3278 1068 3337 sed
1083 3280 1240 3338 verisimile

139 3388 239 3434 tamen
262 3387 315 3442 est.
337 3377 434 3452 potius
456 3396 543 3453 quam
565 3397 600 3436 ex
617 3378 749 3455 AEschyli
762 3377 936 3435 Philoctete.
979 3376 1108 3434 Priorem
1123 3395 1238 3434 versum

139 3474 217 3530 solus
232 3474 375 3550 praeponit
388 3474 569 3539 Plutarchus,
583 3475 658 3530 Ἀλλ’
667 3474 732 3532 ἴσως
745 3474 777 3530 iv
790 3476 832 3529 ε’πὶ
845 3474 948 3532 τούτοις
961 3477 1002 3530 καὶ
1015 3475 1137 3548 γελάσειέ
1149 3496 1188 3533 τις
1197 3477 1238 3530 ε’ν-

139 3572 234 3642 νυήσας
247 3573 295 3638 τὸν
308 3573 456 3645 Σωκράτους
469 3575 601 3645 πρᾳότητα
614 3575 656 3627 καὶ
667 3574 752 3645 χάριν.

224 3664 318 3748 Ὕπέρ
332 3691 368 3748 γε
382 3665 484 3745 μέντοι
498 3665 608 3733 παντὸς
621 3664 780 3745 Ἑλλήνων
794 3672 923 3749 στρατοῦ

138 3776 190 3826 τῶν
202 3771 292 3828 άλλων
305 3773 465 3844 φιλοσόφων
475 3800 510 3814 -
524 3803 565 3812 -
573 3772 604 3824 οὗ
613 3773 693 3842 μόνον

225 3866 352 3949 αῖσχρὸν
367 3869 483 3930 σιωπῖιν

136 3966 197 4023 ἄλλ’
210 3968 271 4023 οὐδὲ
281 3967 356 4021 ὅσιον
370 3967 485 4021 ἐνδοῦναί
497 3965 549 4022 τι.”
586 3965 748 4021 Mn'l'rmffl.

676 4105 696 4169 9

178 4177 311 4234 Stobaeus
328 4194 373 4232 20.
389 4194 417 4251 p.
438 4192 502 4248 ¹72·

216 4269 339 4353 Ὥσπερ
354 4273 387 4334 δὲ
402 4269 510 4350 θνητὸν
526 4271 574 4334 καὶ
587 4269 621 4333 τὸ
636 4266 709 4348 σῶμ’
725 4269 806 4350 ἡμῶν
821 4269 888 4350 ἔφυ,

181 4393 258 4437 von.
272 4393 310 4435 11.
659 4395 679 4436 κ
696 4370 715 4434 k
