2850 4898
512 292 858 354 ΑΠΟΣΠΑΣΜΑΤΙΑ.

178 537 310 596 Stobaeus
329 536 392 594 118.
404 556 433 612 p.
446 538 515 596 601.
675 453 693 513 8

219 630 262 695 Ὠ
277 632 411 714 λαμπρὸς
426 632 512 713 αἰθὴρ
526 632 635 714 ἡμέρας
649 630 674 695 θ’
690 633 784 714 ἁγνὸν
798 633 885 716 φάος,

224 736 262 802 ὡς
275 734 329 814 ἡδὺ
342 737 487 799 λεύσσειν
502 741 563 802 τοῖς
576 760 609 798 τε
624 734 814 817 πράσσουσιν
830 743 925 803 καλῶς

224 838 272 901 καὶ
286 843 364 901 τοῖσι
379 841 587 920 δυστυχοῦσιν,
603 835 644 901 ὧν
658 836 765 919 πέφυκ’
782 840 849 920 ἐγώ.

674 984 693 1045 9

178 1070 310 1128 Stobaeus
325 1087 373 1145 9¹·
384 1090 414 1145 p.
426 1085 497 1146 507.
525 1069 694 1145 Apostolius
709 1069 790 1125 XIX.
807 1071 854 1127 82.

217 1163 329 1246 Ὕβριν
343 1190 376 1229 τε
391 1165 481 1228 τίκτει
495 1169 632 1237 πλοῦτος,
649 1163 667 1243 ἢ
683 1167 775 1246 φειδὼ
788 1167 868 1244 βίου.

672 1313 710 1356 10

178 1379 432 1455 waaeus103.p.
446 1380 516 1455 562.

221 1473 302 1557 Ὀρῶ
318 1477 350 1539 δὲ
363 1480 425 1541 τοῖς
438 1480 600 1538 πολλοῖσιν
615 1476 780 1556 ἀνθρώποις
795 1478 854 1558 ἐγὼ

222 1578 380 1641 τίκτουσαν
394 1579 483 1659 θβριν
497 1578 550 1656 τὴν
565 1577 681 1657 πάροιθ’
696 1579 865 1660 εὐπραξίαν.

670 1734 706 1775 11

177 1800 311 1859 Stobaeus
326 1817 373 1875 71.
389 1820 419 1876 p.
434 1817 504 1875 434.

224 1901 338 1976 Θησεῦ,
354 1901 486 1977 παραινῶ
501 1922 551 1959 σοι
565 1895 599 1959 τὸ
614 1899 743 1981 λῷστον,
761 1899 788 1960 εί
802 1903 931 1979 φρονεῖς,

222 2001 338 2083 γυναικὶ
353 2000 456 2063 πείθου
470 2000 544 2079 μηδὲ
557 2001 670 2078 τάληθῆ
686 2001 793 2063 κλύων.

672 2136 709 2180 12

178 2208 312 2266 Stobaeus
328 2208 375 2265 80.
390 2225 420 2281 p.
432 2223 502 2279 472.

223 2308 286 2367 Φεΰ
300 2306 367 2385 φεῦ,
384 2302 418 2364 τὸ
432 2301 473 2380 μὴ
487 2303 523 2364 τὰ
537 2298 683 2382 πράγματ’
699 2302 862 2381 ἀνθρώποις
878 2302 960 2384 ἔχειν

221 2405 333 2485 φωνὴν,
351 2401 387 2467 ἵν’
403 2403 482 2482 ἦσαν
495 2405 587 2482 μηδὲν
602 2405 630 2466 αἱ
646 2403 736 2465 δεινοὶ
751 2401 864 2483 λέγειν.

223 2511 276 2570 νῦν
290 2504 314 2569 δ’
331 2506 460 2586 εὐρόοισι
475 2506 604 2582 στόμασι
618 2504 826 2583 τάληθέστατα

223 2608 411 2681 κλέπτουσιν,
427 2604 505 2670 ὥστε
517 2607 558 2686 μὴ
572 2611 670 2670 δοκεῖν
685 2608 704 2670 ἃ
718 2607 776 2689 χρὴ
791 2612 900 2672 δοκεῖν.

138 2728 172 2786 V.
192 2745 216 2793 1,
229 2747 254 2786 ο.
276 2727 446 2785 Plutarchus
460 2727 565 2784 Morul.
576 2746 606 2803 p.
620 2725 677 2784 802
689 2747 716 2784 α.
732 2727 768 2785 V.
781 2745 810 2801 3.
822 2747 849 2801 4.
875 2730 1011 2788 Clemens
1025 2730 1107 2786 Alex.
1124 2731 1231 2786 Strom.

137 2821 160 2877 l.
175 2841 203 2897 p.
217 2839 284 2896 290.
306 2820 388 2898 Sylb.
417 2820 454 2878 V.
471 2840 498 2896 3.
513 2820 648 2880 Stobaeus
662 2822 824 2895 εὐρύθμοισι.

670 2957 681 2998 1

175 3021 331 3078 Erotiauus
355 3040 383 3097 p.
399 3038 464 3077 120.
486 2954 705 3092 Διεβλὴθτρσανε3
714 3024 954 3096 παρελογίσθησαν,
977 3025 1011 3081 ὣς
1032 3026 1073 3079 καὶ
1093 3024 1233 3096 Εὗριπίδης

137 3121 164 3173 ἐν
176 3117 326 3192 Ἱππολύτῳ
340 3120 409 3190 φησὶ

220 3216 262 3276 Τί
273 3211 296 3276 δ’
312 3211 350 3291 ἢν
363 3214 463 3280 λυθείς
476 3239 514 3293 με
529 3215 685 3294 διαβάλῃς,
701 3220 809 3278 παθεῖν
824 3241 861 3279 σε
878 3220 926 3279 δεῖ
934 3244 941 3289 ;

671 3355 710 3412 Ι4

177 3436 285 3492 Justin.
301 3437 390 3493 Mart.
405 3436 441 3493 de
455 3438 605 3493 monarch.
620 3457 649 3512 p.
668 3455 732 3511 107.

220 3530 308 3595 Ἀλλ’
324 3532 430 3614 οὐγὰρ
446 3534 538 3613 ὀρθῶς
552 3537 644 3596 ταῦτα
658 3535 828 3615 κραίνουσιν
845 3535 917 3597 θεοί.

669 3672 682 3714 Ῑ
687 3672 707 3735 5

177 3754 311 3813 Stobaeus
325 3755 378 3812 ecl.
390 3755 472 3832 phys.
484 3775 513 3832 p.
530 3774 593 3830 143.
617 3757 675 3813 vol.
689 3755 713 3813 1.
724 3775 753 3831 p.
768 3768 835 3829 235.

222 3852 336 3932 Χρόνος
350 3849 476 3932 διέρπειν
490 3849 575 3915 πάντ’
592 3853 748 3930 ἀληθεύειν
763 3854 856 3930 φιλεῖ.

177 4071 279 4128 Pollux
295 4070 347 4138 lX,
357 4088 405 4145 50.
422 4073 472 4126 Καὶ
485 4073 581 4128 στάσις
594 3986 735 4141 {anaulfus
747 4071 888 4142 Εὐριπίδης
901 4071 929 4124 ἐν
941 4070 1089 4147 Ἱππολύτῳ
1103 4077 1232 4128 καλνπτο.

132 4171 202 4245 νέες

350 4261 432 4344 Πρὸς
446 4264 543 4326 ἵππων
558 4262 642 4329 εὐθὺς
655 4262 786 4342 ὁρμήσας
800 4261 919 4326 στάσιν.

628 4364 673 4421 τί
684 4384 703 4436 4
