2850 4898
159 266 224 331 900
597 274 825 336 ΕΤΡΙΠΙΔΟὙ

245 439 307 518 ἥτις
321 438 355 501 τὸ
369 441 425 518 μὲν
440 443 553 504 δίκαιον
567 441 602 504 οὐ
618 443 784 524 σιγήσεται,

246 543 283 603 τὰ
294 539 318 604 δ’
335 544 446 624 αἰσχρὰ
459 549 544 623 μισεῖ
557 545 604 607 καὶ
620 545 681 608 κατ’
696 547 870 628 ὀφθαλμοὺς
887 549 960 631 ἔχει.

159 642 196 699 V.
216 663 239 700 1.
254 649 408 718 πράοπολόν
422 647 448 703 σ’
463 651 531 703 ε’λεῐν
545 649 719 707 Lobeckius.

201 843 335 903 Stobaeus
347 846 395 903 86.
410 867 438 923 p.
454 849 523 923 498.

631 947 677 1007 Τό
690 943 715 1006 τ’
733 945 852 1027 εὐγενὲς

246 1045 365 1123 πολλὴν
380 1046 500 1108 δίδωσιν
512 1044 618 1118 ἐλπίδ’,
634 1048 672 1114 ὡς
686 1048 809 1130 άρξουσι
822 1052 884 1129 γῆς.

699 1168 718 1228 6

202 1249 336 1309 Stobaeus
350 1252 467 1310 ibidem.

243 1347 308 1426 Τὴν
323 1347 486 1430 εὐγένειαν,
504 1349 558 1413 κᾶν
573 1352 706 1431 άμορφος
720 1347 739 1429 ᾖ
755 1350 859 1432 γάμος,

246 1456 351 1529 τιμῶσι
365 1452 475 1515 πολλοὶ
489 1451 562 1534 πρὸς
577 1452 689 1516 τέκνων
703 1451 792 1536 χάριν
805 1457 927 1531 λαβεῖν,

246 1550 280 1614 τά
295 1555 323 1614 τ’
338 1554 450 1632 ἀξίωμα
464 1558 584 1632 μάλλον
597 1552 616 1632 ἦ
631 1557 668 1618 τῖι
681 1554 827 1637 χρήματα.

204 1754 338 1815 Stobaeus
352 1775 382 1833 9.
397 1778 426 1833 p.
441 1778 489 1834 99.
505 1778 554 1834 92.
569 1778 598 1834 p.
613 1777 683 1834 5¹¹·
699 1691 716 1752 7

246 1854 381 1934 Κέιπησο
399 1852 423 1918 δ’
440 1857 532 1936 ὀρθῶς
545 1852 583 1918 άν
599 1855 669 1938 έχης
684 1856 755 1920 άνευ
769 1853 870 1937 ψόγου

247 1959 295 2020 καὶ
306 1960 395 2039 μικρὰ
411 1959 505 2033 σώζου
520 1961 555 2037 τῇ
569 1958 632 2036 δίκη
647 1956 763 2037 ξυνοῦσ’
780 1959 837 2022 ιἰεί.

243 2059 308 2140 μηδ’
325 2062 363 2128 ὡς
378 2061 464 2128 κακὸς
480 2062 642 2142 ναύκληρος
658 2062 690 2124 εὖ
704 2059 816 2141 πράξας
830 2062 903 2124 ποτὲ

243 2169 335 2243 ζητῶν
349 2166 386 2227 τὰ
400 2161 514 2227 πλείον’
532 2162 596 2226 εἶτα
610 2161 694 2227 πάντ’
713 2165 882 2226 ἀπώλεσεν.

699 2283 717 2344 8

200 2370 334 2429 Stobaeus
353 2389 396 2446 13.
413 2390 440 2446 p.
462 2385 526 2446 145.
548 2371 720 2428 Plutarchus
734 2369 840 2426 Moral.
856 2388 885 2444 p.
902 2368 939 2443 63
956 2387 983 2424 ιι.

244 2463 332 2544 Ἐμοὶ
345 2468 403 2548 γὰρ
419 2468 463 2544 εἴη
477 2465 605 2548 πτωχὸς,
622 2468 648 2528 εἰ
662 2466 694 2528 δὲ
708 2465 854 2543 βούλεται

244 2571 364 2650 πτωχοῦ
379 2570 495 2635 κακίων,
514 2569 596 2633 ὅστις
611 2565 651 2630 ὧν
667 2568 768 2633 εὔνους
783 2566 848 2645 ἐμοὶ

245 2667 347 2749 φόβον
361 2670 518 2750 παρελθὼν
533 2668 608 2732 τάπό
626 2670 743 2750 καρδίας
761 2670 830 2749 έρεΐ.

200 2876 333 2934 Stobaeus
349 2891 397 2949 71.
413 2895 440 2951 p.
456 2894 524 2950 432.
696 2808 716 2870 9

244 2976 316 3045 Φεῦ,

245 3076 306 3161 ὅσιρ
322 3074 355 3137 τὸ
370 3078 444 3152 θῆλυ
459 3072 695 3157 δυστυχέστερον
710 3073 799 3156 γένος

244 3175 377 3258 πέφυκεν
393 3177 515 3256 ἀνδρῶν·
541 3176 575 3239 ἔν
589 3201 622 3238 τε
637 3181 715 3239 τοῖσι
730 3178 788 3257 γὰρ
803 3179 904 3239 καλοῖς

244 3282 348 3363 πολλῷ
362 3278 518 3341 λέλειπται
533 3278 602 3341 κάπὶ
616 3284 677 3345 τοῖς
691 3280 826 3360 αἰσχραῖς
837 3276 942 3341 πλέον.

688 3418 727 3460 10

199 3484 333 3543 Stobaeus
346 3485 464 3543 ibidem.

239 3577 284 3642 Ὢ
300 3583 392 3660 θνητὰ
405 3578 562 3661 πράγματ’,
578 3578 602 3642 ὦ
618 3584 780 3662 γυναικεῖαι
795 3578 915 3661 φρένες,

243 3683 319 3746 ὅσον
333 3679 448 3761 νόσημα
462 3682 517 3761 τὴν
532 3684 646 3763 Κύπριν
662 3680 835 3762 κειατῖρεθα.

199 3890 331 3948 Stobaeus
346 3891 393 3964 38.
408 3910 436 3966 p.
453 3908 520 3947 τοι.
691 3821 725 3864 H

243 3988 297 4052 Τίς
310 3983 367 4067 άρα
380 3985 473 4066 μήτηρ
487 3982 506 4065 ἢ
521 3985 616 4065 πατὴρ
632 3983 721 4047 κακὸν
735 3982 814 4064 μέγα

243 4093 362 4169 βροτοῖς
377 4088 473 4168 ἔφυσε
487 4087 540 4151 τὸν
554 4088 728 4165 δυσώνυμον
743 4081 877 4165 φθόνον;

242 4194 301 4253 ποῦ
316 4192 366 4254 καί
377 4189 441 4253 ποτ’
458 4192 534 4255 οἶκεῖ
546 4191 681 4267 σώματος
694 4188 799 4270 λαχὸν
813 4185 901 4268 μέρος
915 4214 922 4258 ;

244 4294 278 4355 ἐν
291 4293 407 4375 χερσὶν,
423 4290 441 4372 ἢ
456 4291 691 4374 σπλάγχνοισιν,
707 4287 725 4368 ἢ
740 4287 808 4370 παρ’
824 4290 941 4368 ὄμματα
