2850 4898
503 294 846 356 ΑΙΙΟΣΠΑΣΜΑΤΙΑ.
1161 297 1226 365 919

678 483 690 525 I

166 558 265 618 Schol.
281 561 409 620 Platonis
419 583 447 639 p.
459 564 508 623 68.
519 566 637 622 Ruhnk.
652 482 796 624 ᾷλδάνεδος
807 568 918 638 ιείγπουςε
941 568 1078 628 Ἀδώνιδος
1092 573 1167 640 κῆποι
1181 571 1226 626 ἐπὶ

124 660 175 708 τῶν
188 655 277 727 άῶρων
289 659 331 711 καὶ
343 657 529 732 ὀλιγοχρονίου
546 663 634 732 καὶμὴ
653 663 833 736 ε’ρριζωμένων.
855 664 969 735 ε’μνίγσθη
983 667 1012 720 δὲ
1026 667 1105 736 αθτῆς
1117 668 1158 722 καὶ
1171 668 1223 722 Είι·

122 753 226 823 ριπίδης
239 755 395 824 Μελανίππῃ
410 757 451 810 καὶ
464 758 573 813 ἐνταῦθα
587 761 708 815 Πλάτων.

540 990 798 1049 ΜΕΛΕΑΓΡΟΣ.

666 1122 679 1164 1

123 1288 235 1359 λε’σγρον
246 1293 367 1356 ποιήσας,
383 1287 417 1343 ὣς
430 1287 570 1358 Εὐριπίδης
583 1289 610 1341 ἐν
624 1290 776 1362 Μελεάγρῳ.

663 1417 682 1464 2

212 1484 356 1547 Καλυδὼν
369 1486 426 1563 μὲν
440 1483 492 1563 ἥδε
506 1489 587 1566 γαῖα,
604 1487 759 1551 Πελοπίας
773 1485 883 1567 χθονδς

212 1586 245 1648 ἐν
261 1587 468 1667 ἀντιπόρθμοις
480 1584 559 1650 πεδί’
576 1585 677 1668 ἔχουσ’
695 1587 864 1666 εὐδαίμονα.

211 1688 318 1754 Οἰνεὺς
332 1686 356 1752 δ’
375 1687 502 1752 ἀνάσσει
517 1691 608 1767 τῆσδε
622 1692 676 1770 γῆς
691 1690 847 1763 Αἰτωλίας,

210 1791 385 1871 Πορθάονος
398 1795 476 1863 παῖς,
493 1790 526 1857 ός
539 1791 605 1853 ποτ’
618 1788 766 1853 Ἀλθαίαν
781 1795 879 1871 γαμεῖ,

211 1889 310 1969 Λήδας
324 1891 459 1970 ὅμαιμον,
476 1892 656 1954 Θεστίουδέ
675 1889 833 1971 παρθένον.

123 1995 161 2053 V.
182 2013 206 2052 1.
224 2013 250 2052 2.
274 1994 404 2052 Demetr.
428 1995 540 2052 Phaler.
563 1994 599 2051 de
613 1995 693 2052 Eloc.
710 1996 757 2069 58.
780 1994 902 2052 Lucian.
920 1995 1045 2052 Conviv.
1070 2010 1116 2070 25.
1140 1995 1177 2054 V.
1197 2015 1222 2055 1.

125 2093 245 2150 Aristot.
261 2093 383 2150 Rhetor.
399 2092 454 2158 ΙΙΙ,
470 2111 499 2170 9,
514 2110 544 2165 4.
559 2092 651 2150 schol.
666 2091 756 2150 Arist.
771 2092 845 2148 Rau.
866 2091 951 2167 1269.
965 2091 1002 2149 V.
1019 2109 1047 2165 3.
1070 2093 1225 2152 scholiasta

123 2191 296 2248 Aristotelis.

163 2373 314 2448 Aristoph.
327 2373 404 2430 Ran.
425 2372 510 2446 1269.

211 2469 318 2535 Οίνεθς
331 2466 395 2531 ποτ’
413 2470 446 2532 ἐκ
461 2471 514 2550 γῆς
527 2469 714 2548 πολύμετρον
728 2468 835 2545 λαβὼν
849 2465 975 2549 στάχυν,

210 2573 288 2635 θύων
303 2569 449 2653 άπαρχάς.

124 2678 174 2734 ubi
189 2676 279 2734 schol.
294 2675 376 2731 Ἐστι
388 2677 436 2746 μὲν
450 2675 478 2729 fx
492 2675 646 2748 Μελεάγρου
665 2659 730 2743 μετδ
748 2674 819 2728 ἱκανά
838 2677 881 2742 τῆς
901 2674 991 2746 ἀρχῆς·
1014 2673 1074 2743 ίγδέ
1093 2673 1159 2745 άρχὴ
1178 2679 1225 2729 τοῦ

123 2776 261 2847 δράματος,
289 2781 308 2802 “
326 2773 450 2826 Καλυδὼν
469 2772 517 2841 μὲν
534 2771 578 2840 ἥδε
597 2773 658 2842 γαῖα
675 2770 807 2826 Πελοπίας
824 2770 948 2841 χθανός.”
970 2772 1001 2825 τδ
1019 2772 1048 2826 δὲ
1064 2772 1157 2825 λοιπόν
1176 2776 1225 2825 τοῦ

124 2872 220 2942 στίχου
241 2875 260 2902 “
272 2871 318 2924 οὐκ
332 2869 425 2924 ἔθυσεν
437 2865 595 2941 Ἀρτίμιδι.”
623 2864 719 2921 Verba
740 2864 808 2920 θύων
826 2866 944 2939 ἀπαρχάς
964 2866 1035 2924 citat
1054 2867 1224 2925 Eustathius

124 2987 155 3044 p.
173 2982 243 3042 770,
262 2986 308 3026 21.

165 3165 335 3224 Macrobius
356 3163 473 3222 Saturn.
493 3162 531 3227 V,
550 3160 592 3218 18.
614 3160 650 3216 Ιιι
664 3075 816 3234 4Ευτιρίάιί
836 3161 979 3235 traqoedia,
1004 3179 1061 3237 quoe
1082 3161 1226 3238 Meleaqer

125 3262 292 3328 inscribitur,
307 3260 416 3318 συιιιίυς
435 3259 572 3316 inducitur
592 3255 753 3321 describens,
775 3274 826 3330 quo
847 3257 957 3332 quisque
975 3256 1067 3313 habitu
1079 3257 1175 3331 fuerit
1193 3278 1225 3314 ια

124 3360 244 3425 ducibus,
260 3359 306 3435 συί
318 3359 355 3414 σά
368 3375 462 3431 aprum
479 3355 633 3429 capiendum
647 3359 843 3418 convenerant,·
864 3352 893 3408 ιἰι
907 3372 937 3409 eo
952 3352 981 3408 δι’
993 3371 1087 3409 versus
1099 3362 1182 3409 sunt:

209 3454 358 3531 Τελαμὼν
373 3452 406 3514 δὲ
420 3453 553 3532 χρυσοῦν
568 3447 668 3511 αἰετὸν
682 3445 792 3524 πέλτης
808 3445 856 3508 ἔπι

210 3553 372 3633 πρόβλημα
387 3550 484 3631 θηρὸς,
499 3549 626 3629 βότρυσι
640 3549 665 3610 δ’
681 3548 813 3630 ἔστεψεν
829 3545 913 3626 κόρα,

212 3659 368 3732 Σαλαμῖνα
384 3657 502 3731 κοσμῶν
516 3651 642 3731 πατρίδα
656 3649 710 3726 τὴν
726 3650 893 3727 εὐδαίμονα.

212 3757 357 3835 Κύπριδος
368 3756 400 3818 δὲ
414 3752 515 3834 μίαημ’
534 3754 640 3832 Ἀρκὰς
653 3749 823 3827 Ἀταλάντη
839 3750 925 3813 κύνας

211 3857 259 3920 καὶ
273 3855 331 3934 τόξ’
348 3857 471 3939 ἔχουσα·
496 3853 645 3918 πελέκεως
660 3853 692 3914 δὲ
709 3851 849 3928 δίστομον

210 3958 301 4040 γένυν
316 3957 423 4022 ἔπαλλ’
439 3960 589 4039 Ἀγκαῖος,
609 3957 638 4017 οἱ
653 3956 684 4016 δὲ
701 3952 833 4016 Θεστίου

211 4061 292 4141 κόροι
307 4060 340 4123 τδ
356 4060 443 4124 λαιὸν
458 4062 542 4142 ίχυος
556 4056 722 4137 άνάρβυλοι
736 4052 835 4123 ποδὸς,

211 4160 264 4223 τδν
279 4160 304 4224 δ’
321 4164 354 4225 ἐν
367 4163 508 4233 πεδίλοις,
525 4160 563 4225 ὡς
578 4158 738 4239 ἐλαφρίζου
752 4156 826 4237 γόνυ

213 4262 323 4343 ἔχοιεν,
340 4262 373 4329 θς
387 4263 421 4340 δὴ
435 4266 528 4325 πᾶσιν
544 4261 687 4324 Αίτωλοῖς
702 4257 799 4334 νόμος.

661 4376 735 4437 ⁰83
