2850 4898
554 295 901 356 ΑΠΟΣΠΑΣΜΑΤΙΑ.

226 549 361 608 Stobaeus
374 548 494 607 ibidem.
720 481 760 524 10

270 641 350 725 Ἐγὼ
366 645 471 723 νομίζω
485 645 574 725 πατρὶ
588 645 736 726 φίλτατον
748 644 866 724 τέκνον,

270 746 376 808 παισίν
390 770 424 809 τε
438 746 505 813 τοὺς
518 748 667 820 τεκόντας,
684 748 751 810 οὐδὲ
766 747 940 832 συμμάχους

270 849 383 916 ἄλλους
396 847 539 930 γενέσθαι
553 847 625 929 φήμ’
640 848 679 913 ἂν
694 849 908 932 ἐνδικωτέρονς.

717 991 751 1034 I·l

227 1054 362 1113 Stobaeus
377 1055 425 1129 84.
434 1076 462 1133 p.
477 1074 549 1132 492.

271 1156 324 1219 Εἰς
337 1153 360 1214 δ’
375 1150 528 1233 εὐγένειαν
543 1148 621 1232 ὀλίγ’
639 1151 698 1234 ἔχω
714 1150 829 1234 φράσαι
845 1152 932 1218 καλά·

270 1258 287 1319 ό
301 1256 357 1334 μὲν
372 1257 430 1336 γὰρ
445 1253 554 1322 ἐσθλὸς
569 1254 690 1336 εὐγενὴς
705 1253 797 1336 ἔμοιγ’
812 1255 895 1338 ἀνὴρ,

269 1360 286 1421 ό
302 1359 327 1421 δ’
342 1357 376 1421 οὐ
391 1358 510 1429 δίκαιος,
528 1354 582 1420 κᾶν
597 1357 753 1436 ἀμείνονος
766 1357 878 1439 πατρὸς

270 1459 365 1540 Ζηνὸς
379 1460 506 1541 πεφύκῃ,
523 1458 668 1540 δυσγενὴς
682 1457 759 1521 εἶναι
773 1463 862 1522 δοκεῖ.

224 1683 356 1741 Stobaeus
370 1700 461 1758 9¹·P·
477 1696 545 1757 507.
559 1698 608 1758 92·
624 1701 654 1757 p.
668 1611 757 1755 5111.2

269 1777 321 1857 Μή
335 1778 389 1857 μοί
399 1775 464 1841 ποτ’
482 1779 526 1855 εἴη
540 1775 699 1858 χρημάτων
714 1774 863 1862 νικοιμόνιρ

270 1884 346 1966 κακῷ
361 1878 514 1963 γενέσθαι,
528 1877 593 1959 μηδ’
610 1880 746 1958 όμιλοίην
762 1885 871 1946 κακοῖς.

223 2105 357 2164 Stobaeus
370 2119 419 2177 37.
434 2122 462 2179 p.
477 2102 543 2159 226.
717 2032 753 2098 13

269 2204 306 2265 Et
317 2199 341 2264 δ’
356 2199 437 2279 ἦσθα
449 2198 488 2278 μὴ
505 2198 650 2270 κάκιστος,
666 2195 766 2261 οὔποτ’
782 2194 820 2260 ἃν
835 2199 925 2261 πόλιν

268 2302 322 2381 τὴν
335 2301 394 2380 σὴν
409 2300 513 2376 ἀτίζων
527 2298 605 2379 τήνδ’
621 2298 660 2364 ἂν
675 2300 809 2380 εὐλόγεις
822 2299 947 2380 πότραν.

223 2527 355 2585 Stobaeus
369 2525 487 2583 ibidem.
715 2456 755 2516 14

265 2621 323 2688 Ὡς
338 2621 371 2685 ἕν
386 2619 414 2703 γ’
430 2619 495 2700 ἐμοὶ
510 2616 627 2701 κρίνοιτ’
644 2616 682 2682 ἂν
699 2619 734 2683 οὐ
749 2625 845 2687 καλῶς
859 2625 983 2702 φρονεῖν

268 2725 350 2791 ὅστις
363 2720 500 2808 πατρῴας
514 2726 568 2804 γῆς
582 2720 727 2802 ἀτιμάζων
741 2723 827 2803 ὄρους

268 2826 367 2905 ἄλλην
382 2828 499 2890 ἐπαινεῖ
511 2825 559 2888 καὶ
572 2825 727 2906 τρόποισιν
740 2825 853 2903 ἥδεται.

711 2960 748 3029 ¹5

221 3031 355 3090 Stobaeus
371 3031 420 3090 88.
435 3051 465 3108 p.
476 3045 544 3106 500.

265 3131 329 3191 Φεῦ
342 3130 409 3210 φεῖ,
427 3127 555 3195 παλαιὸς
570 3127 651 3195 αἶνος
666 3129 704 3195 ὣς
718 3133 815 3196 καλῶς
830 3129 904 3212 ἔχει·

264 3230 316 3294 οὐκ
331 3228 369 3293 ἃν
383 3229 501 3313 γένοιτο
516 3230 645 3314 χρηστὸς
660 3233 693 3294 ἐκ
708 3236 798 3295 κακοῦ
811 3234 931 3314 πατρός.

219 3469 353 3528 Stobaeus
369 3488 437 3544 104.
449 3490 477 3547 p.
491 3470 558 3546 565.
713 3385 750 3445 ¹6

263 3572 398 3633 Πολλοῖς
412 3565 564 3647 παρέστην
580 3566 756 3648 κᾶφθόνησα
770 3566 806 3644 δὴ
819 3570 938 3647 βροτῶν

263 3670 346 3735 ὅστις
361 3675 496 3733 κακοῖσιν
512 3667 622 3735 ἐσθλὸς
637 3665 678 3730 ὣν
693 3669 793 3747 ὅμοιος
807 3665 836 3747 ᾗ,

262 3769 364 3853 λόγων
379 3773 511 3850 ματαίων
523 3773 565 3838 εἰς
578 3768 710 3849 ἅμιλλαν
726 3771 821 3849 ἐξιόν.

263 3872 296 3936 τὸ
313 3874 340 3937 δ’
354 3872 392 3953 ἦν
407 3874 454 3955 ἄρ’
470 3873 523 3937 οὐκ
539 3872 685 3937 ἀκουστὸν
700 3873 761 3937 οὐδ’
777 3873 974 3957 ἀνασχετὸν.-

267 3980 357 4058 σιγῖιν
373 3977 502 4040 κλύοντα
516 3979 600 4040 δεινὰ
613 3975 686 4057 πρὸς
699 3974 851 4040 κακιόνων.

711 4119 747 4180 Ι7

217 4191 351 4249 Stobaeus
361 4192 411 4266 36.
427 4213 456 4270 p.
472 4207 539 4266 217.

262 4285 446 4369 Τυραννικόν
460 4314 489 4352 τι
502 4285 593 4352 πόλλ’
608 4289 787 4353 ἐπίστασθαι
800 4288 914 4371 λέγειν.

686 4412 704 4448 ιι
716 4412 732 4451 e
748 4410 768 4466 4
