2850 4898
526 294 872 356 ΑΠΟΣΠΑΣΜΑΤΙΑ.
1190 287 1256 355 977

242 461 335 524 δειναὶ
350 462 382 523 δὲ
397 452 533 538 ποταμοῦ
547 461 594 523 καὶ
608 458 699 540 πυρὸς
714 462 824 540 θερμοῦ
838 457 937 530 πνοαί,

241 562 341 627 δεινὸν
356 564 388 626 δὲ
402 563 500 636 πενία,
514 565 596 626 δεινὰ
611 562 636 625 δ’
651 563 732 626 ἄλλα
745 563 844 643 μυρία,

242 663 311 728 ἀλλ’
327 666 414 729 οὐδὲν
425 667 500 729 οὕτω
516 664 614 729 δεινὸν
629 666 668 732 ὡς
677 665 753 747 γυνὴ
768 664 869 737 κακὸν,

242 765 301 831 οὐδ’
318 765 355 831 ἃν
370 767 488 849 γένοιτο
504 766 624 849 γράμμα
638 766 743 831 τοιοῦτ’
760 769 794 830 ἑν
808 770 920 848 γραφῇ,

242 867 302 933 οὐδ’
318 867 356 932 ἃν
370 871 462 951 λόγος
476 871 607 948 δείξειεν.
634 873 661 933 εἰ
675 869 708 933 δέ
722 895 774 933 του
789 874 865 933 θεῶν

242 973 304 1035 τόδ’
320 974 384 1036 ἐστὶ
398 972 534 1052 πλάσμα,
550 972 723 1054 δημιουργὸς
737 970 778 1034 ὧν
794 977 890 1036 κακῶν

241 1074 382 1157 μίγιστος
395 1079 468 1140 ίστω
484 1076 532 1139 καί
544 1081 682 1157 βροτοῖσι
696 1074 851 1155 δυσμενής.

155 1179 193 1237 V.
206 1199 232 1237 1.
245 1180 426 1238 τ.Ρ1ανυάες
439 1181 490 1238 vit.
506 1181 610 1257 AEsopi
620 1200 648 1256 p.
665 1199 708 1237 ιο.
725 1181 804 1258 (28.)
820 1181 892 1238 citat
912 1183 1016 1237 Πολλοὶ
1029 1184 1076 1253 μὲν
1089 1182 1164 1255 ὀργαὶ
1177 1183 1256 1252 κυμά-

155 1300 207 1333 τιιν
218 1279 370 1343 θαλαττίων,
385 1280 484 1333 πολλαὶ
497 1279 525 1333 δὲ
539 1283 661 1349 ποταμῶν
674 1280 715 1333 καὶ
727 1280 809 1351 πυρὸς
822 1280 918 1352 θερμοῦ
931 1280 1014 1335 πνοαί.

198 1458 332 1519 Stobaeus
348 1476 396 1535 71.
411 1480 439 1537 p.
453 1478 522 1535 439.
686 1390 727 1457 33

244 1560 427 1640 Μοχθοῦμεν
440 1556 540 1622 άλλως
555 1558 629 1635 θῆλυ
645 1561 841 1638 φρουροῦντες
855 1557 953 1640 γένος·

242 1658 305 1738 ἥτις
318 1662 376 1743 γὰρ
392 1660 463 1738 αῦτλ
476 1658 516 1739 μὴ
531 1657 666 1741 πέφυκεν
681 1660 802 1734 ἔνδικος,

244 1763 276 1825 τί
287 1766 334 1825 δεῖ
345 1761 517 1844 φυλάσσειν
533 1760 766 1843 κάξαμαρτάνειν
780 1761 894 1834 πλίον;

199 1950 332 2010 Stobaeus
341 1953 459 2010 ibidem.
688 1882 732 1947 34

246 2048 365 2111 Γυναικλ
380 2046 403 2111 δ’
419 2049 524 2127 ὄλβος,
539 2044 577 2126 ἢν
591 2049 681 2111 πόσιν
696 2047 850 2130 στίργοντ’
867 2048 932 2132 ἔχῃ.

200 2237 334 2297 Stobaeus
347 2255 395 2313 77.
411 2257 439 2314 p.
456 2254 526 2314 455.
687 2167 729 2236 35

243 2331 331 2397 Ἀλλ’
348 2331 416 2407 ἴστ’,
434 2333 499 2412 ἐμοὶ
513 2334 569 2411 μὲν
583 2332 667 2398 οῦτος
681 2331 735 2397 οὐκ
750 2333 835 2398 ἔσται
850 2336 949 2413 νόμος,

245 2437 279 2501 τὸ
294 2437 334 2517 μὴ
349 2436 384 2500 οὗ
399 2437 446 2508 σὲ,
461 2440 562 2517 μῆτερ,
578 2440 733 2517 προσφιλῆ
748 2435 849 2516 νέμειν
864 2438 910 2501 ἀεὶ

247 2540 361 2604 καὶτοῦ
375 2540 486 2603 δικαίου
502 2540 549 2602 καὶ
563 2540 658 2603 τόκων
676 2544 735 2603 τῶν
750 2545 812 2603 σῶν
826 2539 923 2622 χάριν.

246 2641 362 2724 στέργω
378 2643 410 2704 δὲ
423 2641 477 2705 τὸν
492 2642 632 2723 φύσαντα
646 2646 704 2706 τῶν
718 2642 838 2706 πάντων
851 2649 969 2725 βροτῶν

244 2741 377 2824 μάλισθ’·
402 2745 486 2825 ὁρίζω
500 2747 596 2818 τοῦτο,
613 2744 660 2808 καὶ
675 2744 713 2808 σὺ
727 2744 768 2824 μὴ
782 2747 900 2827 φθόνει·

248 2849 345 2912 κείνου
360 2850 418 2929 γὰρ
433 2847 630 2926 ἑξέβλαστον,
644 2848 706 2912 οὐδ’
716 2845 754 2911 ἃν
770 2849 811 2914 εἶς
825 2847 899 2929 ἀνὴρ

246 2949 385 3033 γυναικὸς
400 2948 570 3032 αῦχήσειεν,
584 2951 665 3013 ἀλλὰ
678 2954 731 3013 τοῦ
741 2947 859 3031 πατρός.

714 3053 733 3114 6

203 3138 338 3199 Stobaeus
353 3157 401 3216 79.
417 3159 446 3216 p.
463 3140 532 3213 468.
691 3072 710 3137 3

249 3236 308 3300 Καὶ
321 3241 380 3299 τῶν
394 3241 531 3299 παλαιῶν
544 3234 634 3299 πόλλ’
651 3235 706 3316 ἔπη
723 3243 818 3304 καλῶς
834 3238 907 3320 ἔχει·

248 3339 341 3420 λόγος
354 3341 412 3420 γάρ
428 3339 537 3404 ἐσθλὸς
551 3338 708 3420 φάρμακον
727 3342 829 3421 φόβου
842 3345 972 3422 βροτοῖς.

204 3529 340 3590 Stoboeus
356 3528 402 3585 86.
418 3549 447 3606 p.
459 3547 529 3605 497.
694 3459 734 3524 37

250 3627 289 3689 El
302 3632 363 3692 τοῖς
375 3627 408 3688 ἓν
419 3628 488 3711 οἴκῳ
502 3623 653 3708 χρήμασιν
667 3625 859 3704 λελείμμεθα,

250 3730 268 3808 ἡ
284 3726 307 3792 δ’
320 3727 456 3810 εὐγένεια
471 3726 567 3790 καὶτὸ
583 3732 723 3808 γενναῖον
737 3726 830 3806 μένει.

165 3836 243 3893 Hinc
264 3833 368 3892 sumsit
388 3843 490 3890 auctor
508 3831 600 3889 libelli
620 3830 697 3887 inter
710 3831 899 3890 Plutarcheos
920 3833 985 3905 ὑπὲρ
1005 3834 1133 3906 εὐγενείας
1152 3832 1210 3890 vol.
1226 3832 1263 3888 V.

164 3952 192 4009 p.
202 3933 272 4009 964.
287 3929 440 4007 Wyttenb.

206 4101 341 4159 Stobaeus
356 4098 405 4156 88.
419 4118 450 4177 p.
460 4113 529 4173 500.

252 4195 299 4259 Οὐ
314 4194 372 4277 γάρ
386 4221 429 4262 τις
443 4196 518 4258 οὕτω
533 4196 639 4258 παῖδας
654 4193 686 4255 εῦ
700 4192 891 4255 παιδεύσεται

253 4296 322 4363 ὥστ’
339 4300 373 4368 ἐκ
387 4302 523 4378 πονηρῶν
536 4293 626 4383 μῆζθῦ
641 4294 746 4361 κακοὺς
760 4291 933 4376 πεφυκέναι.

689 4006 731 4091 38
