2850 4898
492 281 837 342 ΑΠΟΣΠΑΣΜΑΤΙΑ.

655 482 674 544 8

155 570 289 629 Stobaeus
305 587 354 646 59.
368 589 399 647 p.
416 570 484 646 38²·

201 669 242 732 Οί
256 670 308 734 τὰς
323 667 431 751 τέχνας
446 665 469 730 δ’
486 666 610 750 ἔχοντες
625 666 799 747 ἀθλιώτεροι

201 773 252 848 τῆς
265 771 461 851 φαυλότητος.
485 771 589 850 τοιγὰρ
606 769 639 832 ἐν
655 771 741 853 κοινῷ
755 767 866 850 ψέγειν

201 868 297 935 όπασι
311 876 427 935 κεῖσθαι
441 872 585 954 δυστυχὲς
599 870 669 934 κούκ
684 869 790 953 εύτνχέ
805 918 812 932 .

158 1075 292 1135 Stobaeus
308 1077 355 1153 89.
370 1097 400 1153 p.
417 1092 485 1152 502.
653 1009 673 1072 9

203 1156 249 1220 Ού
264 1159 322 1238 γὰρ
337 1159 417 1237 παρὰ
431 1158 560 1237 κραιῆρα
575 1155 622 1219 καὶ
638 1156 740 1234 θοίνην
753 1157 847 1234 μόνον

202 1261 240 1321 τὰ
253 1255 377 1341 χρήματ’
394 1259 595 1339 ἀνθρώποισιν
609 1259 716 1338 ἡδονὰς
727 1257 800 1340 ἔχει,

203 1359 272 1424 ἀλλ’
289 1363 323 1424 ἐν
339 1366 455 1424 κακοῖσι
471 1362 594 1440 δύναμιν
609 1361 645 1423 οὐ
658 1364 764 1442 μικρὸν
778 1359 875 1442 φίρει.

654 1499 693 1542 10

159 1565 292 1625 Stobaeus
306 1584 354 1641 93.
366 1585 396 1643 p.
408 1582 478 1643 514.

204 1666 361 1729 Πλουτεῖς·
385 1665 422 1726 τὰ
437 1661 460 1725 δ’
477 1663 558 1726 όλλα
571 1661 611 1742 μὴ
627 1667 722 1728 δοκεῖς
735 1660 874 1740 ξυνιέναι·

205 1766 240 1828 ἓν
254 1768 294 1849 τῷ
309 1767 367 1846 γὰρ
381 1765 466 1849 ὄλβῳ
481 1766 634 1846 φαυλότης
648 1764 752 1828 ἔνεστί
762 1789 814 1837 τις,

204 1867 293 1930 πενία
308 1868 340 1929 δὲ
355 1867 470 1948 σοφίαν
484 1866 579 1949 ἔλαχε
594 1869 642 1931 διό
656 1866 690 1930 τὸ
706 1867 860 1950 δυστυχές.

119 1973 229 2030 Versus
250 1973 353 2029 tertius
369 1972 399 2029 in
420 1971 606 2048 proverbium
628 1973 716 2029 abiit:
739 1972 797 2030 vid.
820 1972 912 2030 Clem.
932 1973 1013 2030 Alex.
1036 1971 1144 2030 Strom.
1167 1971 1219 2029 IV.

119 2087 147 2145 p
163 2068 221 2144 483
234 2088 277 2144 sq.
292 2067 403 2126 Zenob.
418 2068 456 2135 V,
471 2085 518 2143 72.
541 2068 575 2125 ln
591 2087 626 2126 eo
641 2068 734 2126 Clem.
749 2071 792 2125 διὰ
805 2072 836 2125 τὸ
855 2072 980 2144 συγγενὲς
998 2089 1050 2146 pro
1069 2071 1111 2125 διὸ
1129 2072 1160 2124 τὸ
1174 2071 1218 2124 δυ-

120 2168 226 2239 στυχές.

656 2306 690 2348 11
772 2324 777 2333 ·

162 2371 296 2431 Stobaeus
313 2392 360 2431 22.
372 2391 402 2449 p.
423 2373 489 2447 187.
511 2384 542 2431 E.
558 2373 664 2451 Γλαύκη

208 2467 288 2549 Βαρὺ
302 2467 337 2530 τό
352 2466 460 2550 φόρημ’
477 2470 571 2548 οἴησις
586 2468 741 2549 ἆνθρόπου
757 2473 855 2533 κακοῦ·

208 2571 291 2637 όστις
301 2573 359 2652 γὰρ
374 2571 474 2633 ἆστῶν
488 2569 585 2633 πλέον
599 2570 681 2654 ἔχειν
695 2570 801 2654 πέφυκ’
814 2572 897 2654 ἀνὴρ,

209 2671 311 2752 φίλοις
324 2671 350 2733 τ’
365 2672 484 2750 ἄμικτός
498 2673 564 2734 ε’στι
579 2673 627 2735 καὶ
642 2671 723 2752 πόση
736 2670 833 2738 πόλει.

659 2810 693 2855 ¹2

164 2877 356 2952 Stobaeus43.
368 2896 396 2952 p.
412 2894 482 2951 30²·
504 2888 535 2936 Ε.
551 2878 657 2955 Γλαύκῳ

203 2970 304 3036 Ὅταν
318 2971 406 3039 κακός
419 2997 462 3039 τις
477 2975 511 3037 ἐν
526 2971 614 3037 πόλει
628 2974 749 3055 τρόσση
766 2981 870 3050 καλῶς,

212 3078 315 3136 νοσεῖν
328 3072 427 3150 τίθησι
441 3077 500 3135 τῶν
515 3073 680 3151 ἀμεινόνων
694 3072 815 3154 φρένας,

211 3171 384 3255 παράδειγμ’
402 3173 526 3256 ἔχοντας
540 3179 599 3238 τῶν
615 3179 711 3237 κακῶν
726 3175 873 3252 ἐξουσίαν.

661 3313 672 3355 1

168 3377 303 3436 Stobaeus
322 3394 387 3454 ¹¹5·
403 3399 431 3455 p.
446 3396 516 3456 590.
538 3392 569 3438 E.
582 3313 696 3458 Γλαύκηύ

212 3477 276 3537 Φεΰ
290 3478 359 3554 φεῦ,
375 3474 409 3536 τὸ
424 3479 516 3557 γῆρας
530 3477 568 3542 ὥς
583 3477 647 3560 ἔχει
661 3479 778 3544 πολλὰς
792 3479 909 3545 νόσους.

214 3575 333 3656 γέροντι
347 3573 371 3638 δ’
389 3576 445 3658 ούχ
460 3578 525 3640 οἶόν
540 3602 572 3639 τε
586 3578 725 3656 μηκύνειν
739 3580 861 3661 χρόνον·

213 3676 323 3758 μακρὸς
336 3681 394 3759 γὰρ
409 3679 481 3742 αι’ἳον
496 3682 652 3760 συμφορὰς
665 3684 782 3747 πολλὰς
797 3681 872 3764 ἔχει.

661 3817 675 3859 1

170 3881 327 3940 Erotianus
345 3902 374 3958 p.
394 3899 460 3939 120.
493 3816 1038 3959 Διεβλὴόησανί-Εύριπίδης-μὲμνητοι
1061 3891 1107 3959 τῆς
1133 3890 1228 3960 λέξεως

129 3982 170 4037 καλ
183 3982 211 4036 ε’ν
224 3981 359 4055 Πολυείδφ
373 3982 414 4034 καὶ
424 3981 452 4034 ἐν
463 3979 588 4053 Ὀρέστῃ.

663 4114 673 4157 l

171 4180 293 4256 Gregor.
309 4180 376 4237 Cor.
391 4198 419 4256 p.
439 4194 472 4253 17
488 4199 531 4256 sq.
553 4115 732 4255 Εύριπίδηςςές
745 4181 866 4260 Πολυΐόη
879 4189 917 4261 τφ
929 4186 1039 4258 δράματι

214 4270 302 4337 Οἶσό
318 4274 371 4338 οὖν
386 4274 403 4337 ό
418 4278 530 4355 δρᾶσον

639 4401 658 4437 ιι
671 4381 690 4438 h
705 4399 725 4454 4
