2844 4882
656 301 885 363 ΕΥΡΙΠΙΔΟΥ

645 577 883 636 nutrium.

255 703 427 761 Dubitatum
448 719 510 760 esse
524 711 622 757 utrum
640 701 788 776 Euripidis
809 720 846 758 an
866 701 966 759 Critiae
980 700 1079 760 fabulo
1097 716 1173 762 esset
1187 707 1319 766 ostendit

214 805 373 863 Athenoeus
387 800 439 858 XI.
453 818 483 875 p.
493 798 553 874 496
566 798 594 855 b.
610 810 641 856 et
654 800 861 876 grammaticus
880 802 916 858 ab
932 802 1072 861 Elmsleio
1086 804 1122 862 nd
1135 806 1248 865 calcem
1269 809 1318 867 ed.

214 902 395 960 Bocchorum
407 898 510 966 editus,
523 897 574 973 qui
585 897 747 955 Pirithoum
760 899 837 956 inter
850 902 883 955 τὰ
897 902 1050 973 νοθεοόμενα
1061 900 1160 961 refert.

756 1056 768 1098 I

255 1125 414 1183 Athenaeus
426 1123 478 1180 XI.
493 1142 521 1199 p.
533 1122 593 1197 496
607 1124 635 1181 b.
669 1124 828 1194 Μνημονεύει
841 1127 870 1181 δὲ
884 1128 968 1181 αὐτῶν
983 1129 1048 1200 (τῶν
1057 1131 1229 1200 πλημοχαῶν)
1246 1132 1288 1184 καί
1302 1133 1318 1183 ό

213 1234 259 1287 τόν
272 1231 410 1304 Πειρίθουν
423 1231 539 1302 γράψας,
550 1226 602 1284 ε’ίτε
616 1230 721 1301 Κριτίας
735 1230 807 1284 εἀτίν
821 1232 836 1283 ό
849 1227 973 1304 τόροννος
986 1231 1001 1301 ᾗ
1012 1234 1160 1306 Εὐριπίδης,
1170 1236 1258 1306 λέγων
1272 1232 1316 1289 οὗ.

212 1351 263 1385 τως

293 1419 362 1485 Ἵνα
377 1422 552 1503 πλημοχοᾶς
565 1419 648 1484 τάσδ’
666 1421 707 1487 εἰς
720 1422 844 1502 χθόνιον

298 1520 390 1606 χάσμ’
408 1521 545 1603 εὐφήμως
555 1520 741 1603 προχέωμεν.

254 1755 392 1813 Clemens
406 1754 489 1811 Alex.
502 1751 609 1811 Strom.
621 1753 657 1809 V.
672 1773 701 1830 p.
713 1685 772 1829 60}
784 1773 809 1812 o.
823 1755 868 1811 Ἐν
881 1758 909 1812 δὲ
919 1762 957 1833 τῷ
967 1759 1080 1833 Πειρίθῳ
1092 1759 1224 1832 δράματιὸ
1235 1759 1317 1816 αὐτὸς

212 1855 255 1909 καὶ
267 1855 328 1909 τάδε
338 1852 464 1926 τραγῳδεῖ

299 1948 340 2010 Σὲ
355 1945 408 2008 τὸν
424 1945 566 2025 αὐτοφυῆ,
582 1944 635 2007 τὸν
650 1946 684 2007 ἐν
700 1947 817 2032 αἰθερίῳ

297 2049 401 2133 ῥόμβῳ
416 2047 537 2111 πάντων
552 2047 645 2127 φύσιν
661 2047 849 2126 ἐμπλέξανθ,

301 2150 337 2213 δν
351 2151 418 2233 περὶ
432 2152 488 2229 μὲν
503 2155 575 2232 φῶς,
592 2150 659 2231 περὶ
674 2148 697 2212 δ’
714 2152 844 2231 όρφναία

298 2253 349 2331 νὺξ
366 2254 532 2336 αίολόχρως
547 2252 664 2334 ἄκριτός
676 2250 700 2314 τ’
717 2253 836 2334 ἄστρων

298 2357 392 2438 ὄχλος
406 2357 571 2437 ἐνδελεχῶς
584 2355 788 2436 ἆμφιχαρεόει.

210 2478 340 2535 Eosdem
362 2496 463 2534 versus
484 2496 500 2534 e
523 2477 674 2533 Clemente
696 2476 800 2532 sumsit
814 2476 957 2535 Eusebius
972 2477 1002 2534 P.
1015 2476 1049 2534 Ε.
1065 2477 1151 2537 XIII.
1166 2480 1264 2555 post
1283 2483 1313 2540 b.

211 2577 292 2633 Duos
303 2575 414 2650 priores
428 2593 528 2631 versus
543 2572 634 2630 citent
648 2572 740 2631 schol.
753 2573 854 2648 Eurip.
866 2574 917 2630 Or.
929 2575 1100 2651 970-976.
1115 2576 1206 2635 schol.
1220 2579 1313 2654 Apol-

210 2674 269 2731 Ion.
285 2673 341 2730 Rh.
359 2672 411 2738 IV,
431 2690 495 2745 144.
519 2671 610 2728 verba
628 2671 732 2746 αίθερίῳ
750 2669 842 2747 ῥόμβῳ
858 2672 990 2731 Eusteth.
1006 2672 1037 2729 in
1058 2673 1178 2750 Dionys.
1200 2676 1313 2755 Perieg.

216 2789 246 2828 ιι
253 2788 302 2845 34.
318 2781 349 2827 et
363 2769 490 2844 Hesych.
503 2787 531 2823 v.
544 2768 651 2840 Αίθίροι
662 2767 770 2840 ῥόμβος.

251 2980 342 3037 Clent.
360 2978 443 3035 Alex.
459 2976 569 3035 Strom.
583 2976 620 3034 V.
635 2995 663 3050 p.
680 2977 737 3053 563
747 2909 781 3034 ii.
803 2980 867 3052 Περὶ
881 2978 990 3045 τούτων,
1006 2975 1086 3050 οἶμαι,
1097 2982 1163 3050 καὶὴ
1177 2984 1312 3056 τραγῳδία

210 3078 412 3150 φυοιαλογαῦσιί
426 3079 511 3148 φησιν

297 3187 427 3265 Ἀκάμας
441 3211 474 3248 τε
488 3186 596 3267 χρόνος
609 3186 679 3266 περί
693 3184 720 3267 γ’
737 3186 833 3269 ἆενόῳ

295 3290 416 3370 ῥεύματι
430 3287 536 3368 πλήρει
549 3291 649 3369 φοιτᾷ,
666 3290 771 3350 τίκτων

295 3389 381 3455 αὐτὸς
397 3387 512 3460 ἑαυτὸν,
530 3389 645 3467 δίδυμοί
657 3386 681 3449 τ’
698 3388 798 3466 ἄρκτοι

294 3496 355 3556 τοῖς
369 3488 553 3555 ὠκυπλόνοις
566 3491 719 3571 πτερύγων
729 3491 826 3569 ῥιπαῖς

294 3593 346 3655 τὸν
363 3591 555 3655 Ἀτλόντειον
569 3595 689 3671 τηροῦσι
702 3592 809 3653 πόλον.

207 3717 232 3773 Ε
252 3714 380 3772 Plrithoo
400 3713 463 3769 haec
484 3711 577 3787 petite
597 3730 659 3768 esse
680 3710 852 3789 intelligitur
866 3731 882 3769 e
896 3712 985 3770 schol.
1001 3714 1150 3790 Aristoph.
1167 3717 1219 3774 Av.
1241 3736 1309 3794 179.

207 3826 238 3872 et
252 3811 342 3870 Sulda
356 3829 383 3865 v.
403 3812 495 3873 πόλος,
512 3808 561 3882 qul
576 3827 690 3865 versum
707 3827 736 3884 5.
757 3810 878 3867 laudant
898 3815 939 3866 καὶ
958 3815 1004 3867 τὸν
1017 3813 1167 3869 Ἀτλείντιον
1183 3818 1311 3890 φρουρῶν

206 3915 298 3966 πόλον.

744 4064 766 4121 4

246 4156 417 4216 Plutarchus
432 4155 538 4212 Moral.
548 4175 576 4230 p.
588 4155 627 4229 96
638 4176 663 4214 c.
688 4157 731 4214 ‘Iis
742 4160 787 4211 τὸν
799 4161 912 4230 Κρέοντα
926 4164 970 4229 τῆς
983 4162 1110 4234 θυγατρὸς
1123 4163 1199 4216 οὐδὲν
1213 4166 1228 4214 ὁ
1241 4188 1308 4236 χρυ-

206 4259 253 4315 σὸς
267 4255 328 4310 οὐδὲ
343 4257 479 4310 ὁπλοῦτας
493 4255 599 4323 ὠφελεῖ,
615 4259 645 4307 τὸ
659 4256 686 4309 δι’
701 4259 753 4326 πῦρ
767 4255 881 4326 ἀναφθὲν
902 4258 1035 4327 αἰφνιδίως
1048 4261 1249 4330 προσδραμόντα
1264 4267 1308 4316 καὶ
