2850 4898
619 287 847 347 ΕΥΡΙΠΙΔΟΥ·

616 474 826 535 ΤΗΛΕΦΟΣ.

717 610 728 651 1

215 675 424 751 Aristophanes
438 675 564 734 Acbarn.
580 694 649 751 439.

256 776 316 833 Δεῖ
327 769 384 851 γάρ
398 795 435 849 με
447 771 529 848 δόξαι
544 771 664 855 πτωχὸν
680 771 756 836 εἶναι
771 772 908 853 τήμερον,

261 871 337 935 εῖναι
350 874 416 951 μὲν,
432 874 527 954 ὅσπερ
542 875 609 953 είμὶ,
625 877 788 956 φαίνεσθαι
803 879 835 939 δὲ
848 876 898 956 μή.

174 976 271 1035 Schol.
281 981 306 1032 οί
319 977 366 1032 δύο
379 979 467 1049 στίχοι
478 978 549 1033 οὗτοι
560 982 587 1034 ἐκ
600 982 721 1052 Τηλέφου
733 981 883 1055 Εὐριπίδου.
906 982 1018 1041 Locum
1030 984 1113 1041 affert
1128 982 1238 1042 Suidas
1249 1005 1278 1042 v.

173 1071 237 1130 είναι
252 1087 281 1131 et
295 1077 445 1146 φαινόμενα.

214 1280 325 1337 Locum
341 1278 491 1355 eDiogen.
507 1278 600 1352 Epist.
617 1294 645 1353 5.
658 1278 688 1334 in
704 1208 798 1336 iiotit.
813 1278 902 1337 MSS.
917 1280 950 1337 T.
971 1299 1015 1348 ιο,
1027 1297 1054 1338 2.
1067 1300 1096 1356 p.
1114 1299 1183 1354 ²4¹·
1198 1284 1279 1343 inter

173 1375 208 1433 fr.
222 1375 344 1451 Telephi
357 1375 457 1433 retulit
471 1375 602 1432 Boisson.

260 1469 361 1552 Πτιίχ’
377 1472 553 1551 άμφίβλητα
568 1471 704 1550 σιόμοτος
717 1472 825 1550 λαβὼν
837 1471 911 1553 ῥάκη

260 1571 399 1653 ἀρκτήρια
413 1574 511 1653 τύχης,

710 1711 729 1775 3

215 1781 385 1839 Ευςιαῑίιίυς
399 1800 426 1856 p.
446 1780 532 1853 1084,
550 1799 577 1837 2.

260 1875 387 1955 Βέβληκ
402 1873 563 1959 Ἀχιλλεὺς
577 1872 629 1937 δύο
646 1872 727 1952 κύβω
743 1874 791 1936 καὶ
806 1874 939 1954 τέτταρα.

173 1985 252 2055 ἤγουν
265 1979 317 2037 δύω
331 1981 442 2052 μονάδας
455 1983 495 2035 καλ
508 1982 625 2052 τέτταρα.
648 1979 678 2034 δν
697 1979 791 2052 στίχον
806 1980 946 2051 Εὐριπίδης
963 1980 990 2034 ίν
1002 1979 1115 2054 Τηλέφῳ
1128 1980 1193 2044 θεῖς,
1208 1981 1276 2038 ὅπου

173 2078 327 2144 κυβεύοντας
345 2079 428 2151 ἥρωας
445 2077 578 2150 είσηγαγε,
594 2079 634 2131 καὶ
654 2078 743 2146 μαθὼν
762 2075 801 2130 ἐπ’
822 2077 891 2150 αὐτῷ
909 2078 1085 2148 χλευασθῆναι
1106 2077 1141 2134 ὥς
1161 2080 1274 2144 εὐτελεῖ,

172 2178 236 2232 καθὰ
250 2179 364 2230 σκώπτει
377 2177 418 2230 καί
431 2177 446 2228 ό
460 2175 577 2245 κωμικὸς,
586 2174 715 2231 αίδεσόεῖς
725 2177 855 2245 περιεῖλεν
864 2176 928 2229 ὅλον
938 2177 969 2229 τό
983 2176 1137 2230 ἐπεισόδιον.
1159 2175 1274 2232 Eadem

172 2285 234 2342 fere
248 2272 337 2329 habet
349 2291 378 2347 p.
398 2287 484 2346 1397,
501 2288 548 2327 20.
570 2269 615 2326 ef.
628 2269 740 2326 Zenob.
757 2268 797 2334 11,
813 2267 863 2343 85.
884 2269 962 2345 App.
974 2269 1042 2326 Vnt.
1055 2268 1079 2338 I,
1096 2287 1145 2345 ²9·
1167 2269 1276 2329 Suidm

173 2382 204 2427 et
217 2370 336 2426 Photius
347 2388 375 2426 v.
388 2371 444 2441 τρὶς
457 2368 486 2439 ἒξ
499 2367 514 2437 η
527 2371 596 2441 τρεῖς
609 2366 693 2433 κύβοι.
715 2365 810 2423 Versu
824 2365 916 2423 utitur
928 2366 1075 2441 Aristoph.
1090 2367 1167 2425 Rau.
1184 2383 1273 2442 1447.

173 2467 260 2525 Kust.
280 2484 365 2539 1400.
381 2467 430 2523 Br.
445 2466 495 2522 ubi
509 2465 599 2522 schol.
612 2465 790 2537 Ἀρίσταρχός
807 2467 891 2536 φησιν
909 2465 1059 2522 ἀδεσπότοις
1076 2468 1155 2519 τοῦτο
1168 2467 1273 2538 τροφί-

172 2567 274 2639 ρεσθαι.
301 2565 334 2621 ὣς
352 2565 492 2637 Εὐριπίδου
510 2567 678 2631 πεποιηκότος
699 2561 854 2628 κυβεύοντας
874 2562 901 2616 ε’ν
921 2567 958 2635 τῷ
976 2565 1097 2636 Τηλέφῳ,
1110 2559 1155 2619 οὓς
1169 2565 1211 2618 καῖ
1223 2585 1273 2618 πε·

171 2666 261 2736 ριεῖλε.
282 2661 317 2732 μῆ
330 2683 393 2716 ποτε
407 2659 453 2715 οὐν
466 2662 561 2716 ε’κεῖθεν
574 2658 613 2728 ἦν,
627 2662 729 2730 μᾶλλον
746 2661 774 2713 δὲ
793 2660 949 2731 ἐσχεδιακὼς
967 2658 999 2714 ἂν
1017 2658 1055 2729 ε’ίη
1068 2658 1273 2732 Ἀριστοφάνης.

172 2761 232 2815 οὐδὲ
245 2761 296 2833 γάρ
309 2762 355 2815 τὸν
368 2759 508 2831 Εὐριπίδην
521 2763 599 2813 τοῦτο
611 2759 816 2829 προφερόμενον,
827 2756 896 2810 άλλᾶ
906 2757 952 2810 τόν
962 2758 1089 2811 Διόνυσον
1101 2759 1272 2827 χλευάζοντα.

171 2861 238 2915 τινὲς
251 2859 280 2912 δὲ
293 2857 334 2911 ότι
348 2858 376 2912 ίν
389 2860 425 2932 τῷ
438 2855 582 2925 Φιλοκτίητη
597 2853 627 2923 ἦν
640 2857 655 2908 ό
668 2857 757 2921 τόπος,
772 2856 796 2907 ol
810 2855 838 2908 δὲ
852 2855 880 2908 ε’ν
892 2858 924 2922 τῇ
937 2853 1075 2926 Ἰφιγενείᾳ
1085 2857 1117 2922 τῇ
1128 2854 1156 2908 εἰι
1165 2855 1271 2915 Αὐλίδι.

172 2954 314 3012 Similiter
323 2952 435 3009 Zenob.
448 2962 478 3008 et
488 2952 564 3025 App.
576 2949 604 3004 V
606 2949 673 3006 atie.
695 2951 779 3003 Τοῦτο
792 2949 933 3021 Εὐριπίδου
946 2949 1013 3006 ε’στί.
1035 2951 1077 3004 καί
1088 2948 1273 3022 Ἀριστόξενος

172 3054 201 3107 δι’
215 3055 298 3124 φησιν
312 3050 352 3106 ότι
366 3049 504 3122 Εὐριπίδης
518 3049 627 3119 διοράῶν
640 3049 686 3101 τὸν
699 3045 821 3118 Τηλεφον
834 3047 917 3116 ε’ξιῖλε
930 3047 977 3116 τὴν
990 3047 1117 3102 πεττείαν.

212 3250 421 3326 Aristophanes
436 3249 505 3323 Lys.
522 3261 587 3320 707.
708 3177 729 3235 4

253 3344 396 3409 Ἀνασσα
410 3341 541 3424 πράγους
555 3344 639 3402 τοῦδε
656 3339 703 3401 καὶ
716 3336 931 3417 βουλεύματος,

257 3450 289 3512 τί
299 3473 349 3527 μοι
364 3443 534 3525 σκυθρωπὸς
550 3440 729 3520 ἐξελήλυθας
744 3442 860 3520 δόμων;

171 3551 269 3611 Schol.
290 3554 319 3608 ἐκ
331 3552 453 3621 Τηλέφου
473 3548 623 3621 Εὐριπίδου.
656 3546 790 3602 Fortasse
813 3564 848 3602 ex
871 3543 972 3602 eadem
995 3561 1083 3601 scena
1103 3554 1148 3600 est
1167 3562 1272 3601 versus

169 3649 320 3724 Aristoph.
332 3648 372 3705 ib.
387 3663 454 3720 714.
476 3644 549 3700 Ἀλλ’
563 3646 674 3717 αἰσχρόν
687 3646 776 3711 είπεῖν,
790 3646 822 3699 τό
835 3646 863 3699 δὲ
877 3645 1009 3713 σιωπῆσαι
1021 3642 1099 3716 βαρύ,
1110 3642 1162 3700 ubi
1175 3642 1270 3702 schol.

170 3750 199 3821 ἐξ
213 3747 354 3821 Εὐριπίδου
368 3756 440 3801 etv.
458 3755 525 3815 7¹7·
545 3741 588 3794 Ἰὼ
602 3746 660 3797 Ζεύ.
682 3741 709 3794 τί
728 3740 786 3809 Ζῆν’
800 3739 904 3807 άύτεῖς;

704 3870 724 3934 5

211 3948 343 4006 waaeus
362 3963 407 4019 ¹3·
422 3963 451 4020 p.
472 3956 538 4016 145.

255 4041 456 4124 Ἀγάμεμνον,
472 4035 532 4101 οὐδ’
549 4038 575 4100 εί
589 4035 717 4098 πέλεκυν
734 4037 767 4098 ἐν
781 4038 884 4117 χεροῖν
900 4033 979 4116 ἔχων

254 4143 363 4223 μέλλοι
377 4168 419 4208 τις
434 4144 475 4208 εἰς
488 4139 640 4222 τράχηλον
655 4141 801 4217 ἐμβαλεῖν
817 4136 901 4217 ἐμὸν,

256 4244 427 4327 σιγήσομαι,
444 4241 540 4306 δίκαιά
555 4239 582 4323 γ’
599 4243 748 4304 ἀντειπεῖν
763 4240 852 4321 ἔχων.
