2850 4898
517 281 864 343 ΑΠΟΣΠΑΣΜΑΤΙΑ.
1177 287 1242 351 857

181 534 280 593 Schol.
295 554 323 592 v.
336 553 421 608 1040.
443 536 509 592 Ἀπδ
522 541 609 593 κοινοῦ
621 468 744 608 λάβθμεν
756 539 874 594 πέπονθα
887 538 969 609 ὄνομα
981 541 1074 598 πάθεα.
1102 546 1144 599 καὶ
1159 547 1240 600 ταῦτα

139 633 170 704 ἐξ
182 632 355 705 Ἀνδρομέδας
368 634 488 704 δεομένης
501 638 548 689 τοῦ
560 637 706 708 βαρβάρου.
721 639 829 708 προεῖπε
843 636 882 699 δέ,
896 638 998 710 γοᾶσθέ
1009 637 1036 709 μ’
1050 633 1200 714 όγυναῖιιες
1214 665 1237 700 ιε.

139 754 164 788 τ.
180 734 206 786 λ.
221 748 249 786 v.
269 730 355 803 ¹03⁶·

181 850 202 878 “
216 844 350 903 Ptoxime
368 845 451 921 sequi
466 844 602 903 videntur
618 865 682 921 quae
700 845 777 922 apud
799 846 949 924 Aristoph.
965 847 1084 907 Tbesm.
1104 868 1181 927 1109
1196 871 1239 928 sq.

139 949 293 1026 Euripides
301 949 441 1025 loquitur,

226 1051 322 1126 Περσ.
334 1042 379 1108 Ὠ
394 1044 468 1121 θεοῖ,
484 1045 540 1109 τίν’
555 1047 585 1111 ές
599 1046 657 1126 γῆν
677 1043 844 1126 βαρβάρων
859 1046 1013 1128 ἀφίγμεθα

225 1154 315 1232 ταχεῖ
326 1150 457 1235 πεδίλερ;
486 1151 534 1212 διὰ
547 1146 642 1227 μέσου
656 1149 715 1229 γὰρ
730 1147 847 1229 αἰθέρος

227 1250 344 1330 τέμνων
359 1249 504 1314 κέλευθον
519 1251 597 1313 πόδα
611 1247 705 1328 τίθημ’
721 1250 888 1330 ὑπόπτερον

226 1353 363 1435 Περσεὺς
377 1353 450 1435 πρὸς
459 1352 573 1435 Ἀργος
588 1356 773 1423 ναυστολῶν,
790 1350 824 1414 τὸ
841 1352 989 1433 Γοργόνος

226 1453 301 1536 κόρα
318 1457 451 1535 κομίζων.

139 1591 185 1648 Ad
198 1592 261 1650 haec
275 1591 364 1649 schol.
380 1594 416 1650 είς
429 1593 534 1665 Περσέα
548 1595 577 1664 έξ
589 1591 762 1664 Ἀνδρομέδας
774 1592 833 1665 τρία
850 1593 883 1646 τὰ
899 1596 999 1664 πρῶτα,
1017 1596 1059 1650 καὶ
1071 1596 1165 1650 λοιπὸν
1178 1597 1237 1652 ε’πέ·

139 1693 211 1761 sev&
224 1691 257 1744 τὰ
270 1692 338 1760 ἑξῆς.
605 1741 608 1745 .

185 1784 307 1865 (1116.)
320 1780 391 1855 Ἔα,
406 1781 460 1846 τίν’
477 1783 571 1865 ὄχθον
585 1780 663 1845 τόνδ’
678 1783 737 1863 δρῶ
753 1783 801 1845 καὶ
811 1781 961 1863 παρθένον

328 1889 408 1952 θεοῖς
422 1886 539 1965 ὁμοίαν,
555 1888 629 1949 ναῦν
643 1885 722 1951 ὅπως
736 1883 943 1964 ὧρμισμένηνς

138 2007 236 2086 Pergit
249 2007 399 2082 Aristoph.
410 2026 440 2064 v.
461 2004 546 2063 1118.

258 2104 344 2176 Ἀνδρ.
362 2099 396 2158 Ὠ
406 2106 474 2175 ξένε,
489 2105 662 2176 κατοίκτειρόν
675 2125 707 2172 με
720 2105 767 2172 τὴν
780 2103 933 2159 παναθλίαν·

258 2205 344 2257 λῦσόν
357 2225 388 2271 με
402 2202 517 2271 δεσμῶν.

139 2314 237 2373 Schol.
253 2315 338 2371 1116.

219 2407 290 2482 Ἔα,
308 2408 362 2472 τίν’
379 2411 473 2492 ὄχθον
488 2405 566 2471 τόνδ’
583 2409 642 2487 όρῶ
656 2408 831 2486 περίρρυτον

225 2513 310 2596 ἀφρῷ
327 2510 492 2590 θαλάσσης,
507 2508 658 2591 παρθένου
672 2507 696 2569 τ’
710 2509 777 2571 εῖκό
793 2532 860 2572 τινα

225 2615 257 2691 ἒξ
272 2614 469 2694 αὐτομόρφων
483 2611 598 2676 λαίνων
613 2596 799 2689 τυκισμότων

224 2718 321 2796 σοφῆς
336 2716 458 2796 ἄγαλμα
472 2714 582 2796 χειρός.

137 2834 176 2895 V.
193 2854 218 2901 1,
234 2854 261 2894 2.
276 2836 359 2893 affert
372 2834 538 2900 scholiasta,
557 2854 586 2890 v.
604 2851 631 2898 τ,
645 2851 674 2906 3,
689 2849 718 2905 4.
740 2831 809 2889 inde
831 2833 868 2889 ab
891 2835 1019 2907 παρθένου
1037 2835 1185 2894 Maximus
1208 2837 1240 2894 in

137 2935 257 3011 Dionys.
272 2933 380 3008 Areop.
394 2932 427 2988 T.
437 2930 475 2987 11.
490 2950 518 3006 p.
532 2930 578 2987 28.
594 2930 640 2987 ed.
657 2927 775 2985 Corder.
794 2939 824 2985 et
838 2928 1030 3005 Pachymeres
1041 2931 1111 2989 ibid.
1126 2951 1154 3007 p.
1166 2919 1235 3005 30.”

136 3032 301 3090 Mmm.

176 3247 336 3304 Athenoeus
356 3243 411 3300 lli.
435 3261 464 3317 p.
474 3243 528 3316 561
551 3242 580 3298 b.
612 3155 721 3316 Ἐτεόδς
741 3245 771 3298 δέ
792 3266 832 3300 τις
853 3245 996 3317 προσέθηκε
1019 3249 1070 3298 τῶν
1093 3244 1236 3316 Εὐριπίδου

136 3347 199 3401 τάδε

223 3439 266 3502 Σὺ
280 3438 315 3510 δ’,
332 3433 354 3499 ό
368 3438 494 3517 τύραννε
510 3438 586 3497 θεῶν
599 3459 632 3497 τε
649 3435 838 3516 κάνθρώπων,
850 3434 957 3515 Ἔρως,

222 3538 240 3620 ἢ
254 3540 293 3619 μὴ
309 3541 429 3602 δίδασκε
443 3539 481 3600 τὰ
496 3538 573 3599 καλὰ
588 3538 750 3618 φαίνεσθαι
766 3540 853 3610 καλδ,

221 3640 240 3721 ἢ
255 3647 317 3707 τοῖς
332 3641 449 3721 ἐρῶσιν,
460 3635 503 3701 ὦν
518 3637 556 3701 σὺ
570 3638 745 3720 δημιουργός
760 3638 798 3715 εῖ,

221 3745 370 3826 μοχθοῦσι
383 3741 513 3823 μόχθους
528 3739 655 3821 εὐωχεῖς
670 3742 855 3804 συνεκπόνει.

224 3846 272 3910 καὶ
286 3848 378 3908 ταῦτα
390 3845 446 3924 μὲν
461 3847 538 3924 δρῶν
548 3843 642 3921 τίμιος
657 3847 735 3908 θεοῖς
750 3841 824 3916 ἔσει,

221 3945 261 4024 μὴ
277 3948 354 4026 δρῶν
369 3945 394 4008 δ’
407 3943 455 4008 ὑπ’
472 3944 628 4008 αὐτοῦτοῦ
642 3941 834 4008 διδάσκεσθαι
849 3948 952 4025 φιλεῖν

222 4046 420 4130 όφαιρεθήσει
434 4045 566 4130 χάριτας,
583 4047 629 4112 αῖς
644 4047 753 4125 τιμῶσί
765 4070 812 4109 σε.

136 4171 284 4230 Lucianus
297 4171 335 4229 de
349 4189 462 4228 consor.
478 4169 579 4227 histor.
597 4187 620 4225 1.
644 4168 773 4226 Ἀπαντες
791 4168 818 4225 ές
835 4167 980 4242 τραγῳδίαν
996 4170 1177 4240 παρεκινοῦντο
1196 4171 1236 4223 καὶ

136 4271 240 4341 ῖαμβεῐα
255 4269 416 4342 έφθέγγοντο
435 4270 475 4324 καὶ
492 4269 559 4341 μέγα
572 4268 664 4334 ε’βόυν,
678 4267 796 4336 μάλιστα
810 4266 839 4320 δέ
852 4266 899 4335 τὴν
911 4264 1052 4338 Εὐριπίδου
1064 4263 1237 4338 ’λυδρομέδαν

627 4382 645 4420 c
661 4382 677 4421 e
691 4382 710 4436 4
