2850 4898
508 287 851 348 AssozssAzMATle

207 463 312 525 παῖδας
326 458 466 539 φυτεύειν
480 455 580 521 οὔποτ’
596 456 767 536 ἀνθρώπους
781 455 882 537 ἐχρῆν,

208 563 318 628 πόνους
332 563 461 642 ὁρῶντας
476 563 517 627 εἰς
532 561 622 624 ὅσους
636 559 813 640 φυτεύομεν.

122 669 150 723 έν
163 669 192 722 δέ
205 670 259 724 τοῖς
272 664 345 723 αὖθις
358 667 508 738 λεγομένοις
521 667 562 720 καὶ
574 666 622 734 τὴν
634 664 718 719 αἰτίαν
730 668 782 718 τῶν
800 667 883 718 κακῶν
899 663 1012 737 ένοργῶς
1029 663 1072 718 έπὶ
1085 663 1131 720 τδς
1143 662 1225 736 όρχιὶι·

121 765 242 837 ἐπανάγει
254 764 340 836 λέγων
353 758 403 818 ῶδε

201 854 247 920 Ὠ
263 862 420 939 δυστυχεῖν
435 856 492 938 φδς
507 857 554 919 καὶ
570 861 663 922 κακῶς
680 853 878 936 πεπραγέναι,

208 960 361 1040 ἄνθρωπος
377 958 492 1041 έγένου,
510 959 557 1022 καὶ
572 958 606 1021 τδ
622 959 765 1041 δυστυχὲς
777 959 849 1037 βίον

210 1062 323 1124 ἐκεῖθεν
338 1060 459 1140 ἔλαβες,
474 1060 545 1123 ὅθεν
559 1057 672 1123 ἅπασιν
687 1059 795 1141 ἤρξατο

210 1162 332 1244 τρέφειν
347 1161 389 1227 ὅδ’
406 1162 502 1244 αἰθὴρ,
519 1162 649 1228 ἐνδιδοὺς
664 1167 781 1241 θνητοῖς
794 1159 896 1228 πνοάς.

209 1265 249 1344 μή
265 1290 318 1328 ννν
332 1267 370 1328 τδι
384 1268 476 1344 θνῃτᾶ
491 1265 595 1346 θνητὸς
610 1264 652 1328 ῶν
667 1265 845 1346 ἆγνωμόνει.

165 1487 303 1546 Clemens
316 1490 400 1548 Alex.
416 1488 524 1547 Strom.
539 1489 592 1546 IV.
608 1508 636 1565 p.
644 1417 722 1563 1533.
747 1488 891 1560 Φίλανδρον
910 1487 974 1558 μετὰ
989 1490 1148 1558 σεμνότητος
1161 1487 1226 1543 ὑπο.

123 1589 220 1661 γρόφει
233 1591 339 1661 γυναῖκα
353 1588 492 1661 Εὐριπίδης
505 1593 635 1661 παραινῶν

212 1683 361 1764 Εὐλογεῖν
376 1681 410 1756 δ’,
426 1683 499 1746 όταν
513 1709 541 1746 τι
555 1682 638 1761 λέξῃ,
654 1681 711 1764 χρὴ
727 1685 834 1753 δοκεῖν,
849 1679 904 1743 κᾶν
917 1678 957 1758 μὴ
971 1678 1060 1762 λέγῃ,

212 1783 371 1846 κόκπονεῖν
385 1782 423 1845 δν
438 1787 477 1869 τῷ
492 1785 609 1861 ξυνόντι
623 1781 695 1864 πρὸς
710 1779 799 1864 χάριν
812 1780 911 1860 μέλλῃ
925 1779 1040 1862 λέγειν.

126 1914 166 1967 καὶ
180 1910 253 1969 αὖθίς
266 1935 318 1967 που
330 1911 433 1969 τούτοις
443 1914 475 1967 τὰ
489 1912 566 1984 όμοια

210 2005 288 2072 Ἡδὺ
302 2007 338 2082 δ’,
353 2007 390 2087 ἢν
406 2010 495 2071 κακόν
510 2034 538 2071 τι
552 2007 656 2089 πράξῃ,
673 2008 931 2090 συσκνθρωπόζειν
945 2007 1034 2071 πόσει

211 2108 336 2191 ἄλοχον,
354 2111 387 2172 έν
403 2113 489 2193 κοινῷ
505 2133 538 2171 τε
552 2109 647 2188 λύπης
660 2108 766 2187 ἡδονῆς
780 2107 804 2171 τ’
822 2108 904 2191 ἔχειν
918 2107 1017 2188 μέρος.

125 2231 156 2283 τό
168 2252 197 2284 τε
210 2235 293 2302 πρᾷον
306 2233 347 2286 καὶ
361 2234 541 2304 φιλόστοργον
554 2225 606 2286 ῶδέ
618 2251 673 2286 πως
687 2230 867 2297 ὑποδεικνύων,
877 2230 923 2285 κάν
935 2233 992 2286 τοῖς
1005 2234 1154 2305 συμφοραῖς
1170 2233 1227 2289 ε’πι-

126 2327 211 2399 Φῶς·

213 2421 267 2486 Σοὶ
282 2420 306 2484 δ’
323 2422 418 2503 ἔγωγε
433 2421 481 2485 καὶ
496 2425 634 2485 νοσοῦντι
649 2420 827 2485 σνννοσοῦσ’
844 2419 995 2502 ἀνέξομαι,

214 2525 262 2587 καὶ
277 2530 373 2587 κακῶν
387 2530 445 2587 τῶν
461 2530 524 2587 σῶν
539 2526 680 2598 συνοίσω,
698 2523 802 2587 κούδέν
818 2525 886 2588 έστί
897 2550 947 2604 μοι
961 2527 1075 2606 πικρόν.

126 2659 191 2727 μετὰ
204 2659 255 2730 γὰρ
268 2662 320 2712 τῶν
333 2657 421 2729 φίλων
434 2658 552 2728 εὐτυχεῖν
561 2679 587 2710 τι
594 2656 713 2729 χρή-πί
725 2657 776 2731 γδρ
790 2657 821 2726 δὴ
834 2658 865 2712 τδ
879 2657 960 2728 φίλον
973 2656 1052 2724 ἄλλο,
1067 2660 1138 2730 πλὴν
1149 2663 1228 2728 πόδες

127 2755 219 2826 -χρὴ
234 2756 262 2809 δέ
276 2757 321 2809 τὸν
331 2755 467 2825 εὐδαίμονα
480 2756 563 2828 γάμον
576 2759 636 2809 οὔτε
648 2754 755 2830 πλούτῳ
765 2756 830 2810 ποτέ
843 2758 903 2810 οὔτε
914 2757 1005 2810 κάλλει
1018 2757 1159 2841 κρίνεσθαι,
1169 2758 1230 2815 ἄλλ’

128 2852 216 2925 ἀρετῇ.

215 2945 376 3025 Οὐδεμίαν,
387 2944 674 3029 φῃσὶνὴτραγῳδία,
691 2944 789 3024 ῶνῃσε
805 2942 916 3010 κάλλος
926 2946 967 3011 εἰς
975 2947 1066 3010 πόσιν
1074 2947 1229 3030 ξυνάορον,

216 3046 304 3127 ἁρετὴ
319 3044 343 3109 δ’
359 3045 457 3126 ὤνησε
470 3046 597 3113 πολλός·
623 3051 706 3110 πᾶσα
721 3049 779 3128 γὰρ
794 3046 891 3128 ἀγαθὴ
905 3047 991 3129 γυνὴ,

214 3149 277 3227 ἥτις
291 3149 375 3230 ἀνδρὶ
390 3149 558 3228 συντέτηκε,
570 3155 740 3231 σωφρονεῖν
750 3150 916 3213 ἐπίσταται.

129 3250 185 3309 εἶτα
199 3251 253 3309 οἶον
266 3257 429 3327 παραινέσεις
443 3257 552 3310 διδοῦσά
566 3258 634 3327 φησι

216 3355 326 3431 Πρῶτα
339 3350 395 3429 μέν
410 3376 446 3432 γε
461 3349 538 3413 τοῦθ’
554 3348 690 3432 ὑπάρχει·
715 3346 770 3412 κᾶν
784 3349 918 3432 ἄμορφος
931 3346 1057 3429 ᾖπόσις,

217 3453 274 3535 χρὴ
289 3457 387 3516 δοκεῖν
402 3455 552 3536 εὔμορφον
568 3452 643 3516 εἶναι
657 3478 692 3532 τῃ
706 3477 742 3533 γε
758 3456 829 3516 νοῦν
844 3449 1014 3532 κεκτημένῃ·

217 3555 252 3618 ού
267 3557 325 3636 γὰρ
341 3555 498 3636 ὀφθαλμὸς
512 3555 546 3618 τδ
562 3556 661 3637 κρῖνόν
677 3556 770 3629 έστιν,
787 3557 869 3619 ὀλλδ
885 3558 962 3621 νοῦς.

172 3771 310 3828 Clemens
323 3770 408 3827 Alex.
424 3768 533 3826 Strom.
550 3767 602 3824 lv,
614 3787 642 3843 p.
652 3700 715 3843 15316
729 3768 758 3826 d.

213 3863 345 3944 Ὄλβιος
360 3865 442 3929 ὅστις
456 3866 506 3942 τῆς
521 3863 653 3942 ἱστορίας

219 3967 293 4050 ἔσχε
307 3965 446 4046 μάθησιν,
461 3964 535 4045 μήτε
549 3971 680 4029 πολιτῶν

220 4071 268 4133 ἐπὶ
283 4072 438 4149 πημοσύνῃ
452 4068 517 4150 μήτ’
534 4072 576 4136 εἷς
591 4070 706 4135 ἀδίκους

219 4168 338 4251 πράξεις
348 4171 458 4251 ὁρμῶν,
