<?xml version="1.0" encoding="UTF-8"?>
<!DOCTYPE html PUBLIC "-//W3C//DTD XHTML 1.0 Transitional//EN"
    "http://www.w3.org/TR/xhtml1/DTD/xhtml1-transitional.dtd">
<html xmlns="http://www.w3.org/1999/xhtml" xml:lang="en" lang="en">
 <head>
  <title>
</title>
<meta http-equiv="Content-Type" content="text/html;charset=utf-8" />
  <meta name='ocr-system' content='tesseract 3.04.00' />
  <meta name='ocr-capabilities' content='ocr_page ocr_carea ocr_par ocr_line ocrx_word'/>
</head>
<body>
  <div class='ocr_page' id='page_1' title='image "./tragoediaesuper00eurigoog_0433.png"; bbox 0 0 2844 4882; ppageno 0'>
   <div class='ocr_carea' id='block_1_1' title="bbox 150 268 823 332">
    <p class='ocr_par' dir='ltr' id='par_1_1' title="bbox 150 268 823 332">
     <span class='ocr_line' id='line_1_1' title="bbox 150 268 823 332; baseline -0.004 0"><span class='ocrx_word' id='word_1_1' title='bbox 150 268 215 332; x_wconf 76' lang='lat'>884</span> <span class='ocrx_word' id='word_1_2' title='bbox 594 268 823 331; x_wconf 57' lang='grc' dir='ltr'><strong>ΕΥΡΙΠΙΔΟΥ</strong></span> 
     </span>
    </p>
   </div>
   <div class='ocr_carea' id='block_1_2' title="bbox 150 456 1247 684">
    <p class='ocr_par' dir='ltr' id='par_1_2' title="bbox 150 456 1247 684">
     <span class='ocr_line' id='line_1_2' title="bbox 191 456 1247 603; baseline 0.002 -19"><span class='ocrx_word' id='word_1_3' title='bbox 191 525 367 603; x_wconf 74' lang='lat' dir='ltr'>Hesychius,</span> <span class='ocrx_word' id='word_1_4' title='bbox 382 525 521 601; x_wconf 74' lang='lat' dir='ltr'><em>‘Aym&#39;acut</em></span> <span class='ocrx_word' id='word_1_5' title='bbox 551 456 858 599; x_wconf 60' lang='lat' dir='ltr'>dnfflfiam‚2Bowlp«Ba.</span> <span class='ocrx_word' id='word_1_6' title='bbox 879 525 931 583; x_wconf 86' lang='lat' dir='ltr'>ubi</span> <span class='ocrx_word' id='word_1_7' title='bbox 953 527 1094 601; x_wconf 76' lang='grc' dir='ltr'>Εὐριπίδης</span> <span class='ocrx_word' id='word_1_8' title='bbox 1109 528 1247 588; x_wconf 77' lang='lat' dir='ltr'>excidisse</span> 
     </span>
     <span class='ocr_line' id='line_1_3' title="bbox 150 635 282 684; baseline -0.03 0"><span class='ocrx_word' id='word_1_9' title='bbox 150 635 282 684; x_wconf 65' lang='lat' dir='ltr'><strong>censent·</strong></span> 
     </span>
    </p>
   </div>
   <div class='ocr_carea' id='block_1_3' title="bbox 192 770 1123 917">
    <p class='ocr_par' dir='ltr' id='par_1_3' title="bbox 192 770 1123 917">
     <span class='ocr_line' id='line_1_4' title="bbox 192 770 1123 917; baseline 0.002 -19"><span class='ocrx_word' id='word_1_10' title='bbox 192 839 365 917; x_wconf 75' lang='lat' dir='ltr'>Hesychius,</span> <span class='ocrx_word' id='word_1_11' title='bbox 379 839 577 914; x_wconf 77' lang='grc' dir='ltr'>Ἀτρεκῆσιισας</span> <span class='ocrx_word' id='word_1_12' title='bbox 598 770 806 915; x_wconf 61' lang='grc' dir='ltr'>άκριβωῖιαμένη.</span> <span class='ocrx_word' id='word_1_13' title='bbox 828 843 968 916; x_wconf 77' lang='grc' dir='ltr'>Εὐριπίδης</span> <span class='ocrx_word' id='word_1_14' title='bbox 981 844 1123 916; x_wconf 72' lang='grc' dir='ltr'>Βουσίριδι.</span> 
     </span>
    </p>
   </div>
   <div class='ocr_carea' id='block_1_4' title="bbox 148 1159 1251 1739">
    <p class='ocr_par' dir='ltr' id='par_1_4' title="bbox 621 1159 780 1218">
     <span class='ocr_line' id='line_1_5' title="bbox 621 1159 780 1218; baseline 0.006 -1"><span class='ocrx_word' id='word_1_15' title='bbox 621 1159 780 1218; x_wconf 84' lang='grc' dir='ltr'><strong>ΔΑΝΑΗ.</strong></span> 
     </span>
    </p>

    <p class='ocr_par' dir='ltr' id='par_1_5' title="bbox 148 1271 1251 1739">
     <span class='ocr_line' id='line_1_6' title="bbox 191 1271 1251 1346; baseline -0.005 -16"><span class='ocrx_word' id='word_1_16' title='bbox 191 1272 293 1330; x_wconf 85' lang='lat' dir='ltr'>Pollux</span> <span class='ocrx_word' id='word_1_17' title='bbox 307 1272 360 1341; x_wconf 86' lang='lat' dir='ltr'>IV,</span> <span class='ocrx_word' id='word_1_18' title='bbox 375 1290 441 1330; x_wconf 90' lang='lat'>111.</span> <span class='ocrx_word' id='word_1_19' title='bbox 472 1277 528 1328; x_wconf 86' lang='grc' dir='ltr'>Τῶν</span> <span class='ocrx_word' id='word_1_20' title='bbox 542 1274 570 1329; x_wconf 81' lang='grc' dir='ltr'>δέ</span> <span class='ocrx_word' id='word_1_21' title='bbox 583 1279 695 1346; x_wconf 78' lang='grc' dir='ltr'><strong><em>χορικῶν</em></strong></span> <span class='ocrx_word' id='word_1_22' title='bbox 707 1272 831 1346; x_wconf 70' lang='grc' dir='ltr'>ᾀσμάτων</span> <span class='ocrx_word' id='word_1_23' title='bbox 843 1278 895 1328; x_wconf 86' lang='grc' dir='ltr'>τῶν</span> <span class='ocrx_word' id='word_1_24' title='bbox 908 1276 1023 1343; x_wconf 81' lang='grc' dir='ltr'>κωμικῶν</span> <span class='ocrx_word' id='word_1_25' title='bbox 1036 1271 1064 1328; x_wconf 76' lang='grc' dir='ltr'>ἓν</span> <span class='ocrx_word' id='word_1_26' title='bbox 1076 1294 1103 1326; x_wconf 89' lang='grc' dir='ltr'>τι</span> <span class='ocrx_word' id='word_1_27' title='bbox 1117 1274 1158 1326; x_wconf 81' lang='grc' dir='ltr'>καί</span> <span class='ocrx_word' id='word_1_28' title='bbox 1172 1273 1187 1341; x_wconf 79' lang='grc' dir='ltr'><strong><em>ἡ</em></strong></span> <span class='ocrx_word' id='word_1_29' title='bbox 1200 1295 1251 1326; x_wconf 81' lang='grc' dir='ltr'>πα·</span> 
     </span>
     <span class='ocr_line' id='line_1_7' title="bbox 148 1368 1250 1445; baseline 0 -19"><span class='ocrx_word' id='word_1_30' title='bbox 148 1374 271 1445; x_wconf 81' lang='grc' dir='ltr'>ράβασις,</span> <span class='ocrx_word' id='word_1_31' title='bbox 286 1370 349 1426; x_wconf 83' lang='grc' dir='ltr'>ὅταν</span> <span class='ocrx_word' id='word_1_32' title='bbox 361 1368 378 1426; x_wconf 80' lang='grc' dir='ltr'>ιῖ</span> <span class='ocrx_word' id='word_1_33' title='bbox 392 1373 407 1425; x_wconf 81' lang='grc' dir='ltr'>ά</span> <span class='ocrx_word' id='word_1_34' title='bbox 419 1372 527 1442; x_wconf 77' lang='grc' dir='ltr'>ποιητὴς</span> <span class='ocrx_word' id='word_1_35' title='bbox 539 1373 605 1445; x_wconf 81' lang='grc' dir='ltr'>πρὸς</span> <span class='ocrx_word' id='word_1_36' title='bbox 615 1374 646 1426; x_wconf 85' lang='grc' dir='ltr'>τὸ</span> <span class='ocrx_word' id='word_1_37' title='bbox 660 1373 768 1445; x_wconf 81' lang='grc' dir='ltr'>θέατρον</span> <span class='ocrx_word' id='word_1_38' title='bbox 780 1371 906 1438; x_wconf 81' lang='grc' dir='ltr'>βούλεται</span> <span class='ocrx_word' id='word_1_39' title='bbox 919 1373 1015 1444; x_wconf 79' lang='grc' dir='ltr'>λέγειν,</span> <span class='ocrx_word' id='word_1_40' title='bbox 1031 1374 1045 1425; x_wconf 84' lang='grc' dir='ltr'><strong><em>ὁ</em></strong></span> <span class='ocrx_word' id='word_1_41' title='bbox 1059 1373 1139 1443; x_wconf 78' lang='grc' dir='ltr'>χορὸς</span> <span class='ocrx_word' id='word_1_42' title='bbox 1152 1376 1250 1443; x_wconf 74' lang='grc' dir='ltr'>παρκλ-</span> 
     </span>
     <span class='ocr_line' id='line_1_8' title="bbox 148 1469 1251 1544; baseline -0.003 -18"><span class='ocrx_word' id='word_1_43' title='bbox 148 1472 201 1527; x_wconf 81' lang='grc' dir='ltr'>θῶν</span> <span class='ocrx_word' id='word_1_44' title='bbox 220 1471 286 1543; x_wconf 83' lang='grc' dir='ltr'>λέγη</span> <span class='ocrx_word' id='word_1_45' title='bbox 306 1472 396 1525; x_wconf 85' lang='grc' dir='ltr'>ταῦτα.</span> <span class='ocrx_word' id='word_1_46' title='bbox 418 1469 532 1526; x_wconf 87' lang='grc' dir='ltr'>έπιεικῶς</span> <span class='ocrx_word' id='word_1_47' title='bbox 549 1471 577 1524; x_wconf 78' lang='grc' dir='ltr'>δέ</span> <span class='ocrx_word' id='word_1_48' title='bbox 598 1471 661 1525; x_wconf 79' lang='grc' dir='ltr'>αὐτὸ</span> <span class='ocrx_word' id='word_1_49' title='bbox 674 1474 797 1526; x_wconf 81' lang='grc' dir='ltr'>ποιοῦσιν</span> <span class='ocrx_word' id='word_1_50' title='bbox 809 1471 834 1524; x_wconf 91' lang='grc' dir='ltr'>οί</span> <span class='ocrx_word' id='word_1_51' title='bbox 847 1469 1066 1544; x_wconf 70' lang='grc' dir='ltr'>κωμῳδοποιηταί.</span> <span class='ocrx_word' id='word_1_52' title='bbox 1087 1471 1209 1541; x_wconf 87' lang='grc' dir='ltr'>τραγικὸν</span> <span class='ocrx_word' id='word_1_53' title='bbox 1223 1471 1251 1523; x_wconf 80' lang='grc' dir='ltr'>δέ</span> 
     </span>
     <span class='ocr_line' id='line_1_9' title="bbox 149 1566 1251 1641; baseline 0 -19"><span class='ocrx_word' id='word_1_54' title='bbox 149 1569 197 1622; x_wconf 83' lang='grc' dir='ltr'>ούκ</span> <span class='ocrx_word' id='word_1_55' title='bbox 210 1570 292 1632; x_wconf 74' lang='grc' dir='ltr'>ἔστιν,</span> <span class='ocrx_word' id='word_1_56' title='bbox 307 1566 367 1621; x_wconf 78' lang='grc' dir='ltr'>ἀλλ’</span> <span class='ocrx_word' id='word_1_57' title='bbox 381 1567 521 1639; x_wconf 79' lang='grc' dir='ltr'>Εὐριπίδης</span> <span class='ocrx_word' id='word_1_58' title='bbox 534 1567 598 1622; x_wconf 76' lang='grc' dir='ltr'>αὐτὸ</span> <span class='ocrx_word' id='word_1_59' title='bbox 610 1568 749 1638; x_wconf 75' lang='grc' dir='ltr'>πεποίηκεν</span> <span class='ocrx_word' id='word_1_60' title='bbox 769 1569 796 1622; x_wconf 76' lang='grc' dir='ltr'>ἐν</span> <span class='ocrx_word' id='word_1_61' title='bbox 813 1571 924 1624; x_wconf 81' lang='grc' dir='ltr'>πολλοῖς</span> <span class='ocrx_word' id='word_1_62' title='bbox 944 1568 1082 1640; x_wconf 81' lang='grc' dir='ltr'>δράμασιν.</span> <span class='ocrx_word' id='word_1_63' title='bbox 1112 1569 1140 1621; x_wconf 87' lang='grc' dir='ltr'>έν</span> <span class='ocrx_word' id='word_1_64' title='bbox 1160 1570 1251 1641; x_wconf 79' lang='grc' dir='ltr'>μένγε</span> 
     </span>
     <span class='ocr_line' id='line_1_10' title="bbox 148 1661 1249 1739; baseline 0.001 -20"><span class='ocrx_word' id='word_1_65' title='bbox 148 1667 234 1734; x_wconf 81' lang='grc' dir='ltr'>Δανάη</span> <span class='ocrx_word' id='word_1_66' title='bbox 247 1662 378 1737; x_wconf 80' lang='lat' dir='ltr'>(codices</span> <span class='ocrx_word' id='word_1_67' title='bbox 390 1661 509 1735; x_wconf 78' lang='grc' dir='ltr'>Δαναῖῶι)</span> <span class='ocrx_word' id='word_1_68' title='bbox 522 1666 569 1720; x_wconf 79' lang='grc' dir='ltr'>τὸν</span> <span class='ocrx_word' id='word_1_69' title='bbox 580 1666 661 1737; x_wconf 83' lang='grc' dir='ltr'>χορὸν</span> <span class='ocrx_word' id='word_1_70' title='bbox 671 1666 718 1722; x_wconf 82' lang='grc' dir='ltr'>τὰς</span> <span class='ocrx_word' id='word_1_71' title='bbox 730 1669 849 1739; x_wconf 87' lang='grc' dir='ltr'>γυναῖκας</span> <span class='ocrx_word' id='word_1_72' title='bbox 859 1667 924 1738; x_wconf 73' lang='grc' dir='ltr'>ὑπὲρ</span> <span class='ocrx_word' id='word_1_73' title='bbox 934 1666 1014 1720; x_wconf 78' lang='grc' dir='ltr'>αὐτοῦ</span> <span class='ocrx_word' id='word_1_74' title='bbox 1024 1688 1050 1719; x_wconf 89' lang='grc' dir='ltr'>τι</span> <span class='ocrx_word' id='word_1_75' title='bbox 1063 1666 1175 1735; x_wconf 71' lang='grc' dir='ltr'>ποιήσας</span> <span class='ocrx_word' id='word_1_76' title='bbox 1184 1689 1249 1738; x_wconf 79' lang='grc' dir='ltr'>παρ·</span> 
     </span>
    </p>
   </div>
   <div class='ocr_carea' id='block_1_5' title="bbox 147 1762 1251 1838">
    <p class='ocr_par' dir='ltr' id='par_1_6' title="bbox 147 1762 1251 1838">
     <span class='ocr_line' id='line_1_11' title="bbox 147 1762 1251 1838; baseline 0.005 -22"><span class='ocrx_word' id='word_1_77' title='bbox 147 1765 236 1829; x_wconf 83' lang='grc' dir='ltr'>ιιπεῖν,</span> <span class='ocrx_word' id='word_1_78' title='bbox 261 1762 431 1832; x_wconf 73' lang='grc' dir='ltr'>ἐκλαθόμενος</span> <span class='ocrx_word' id='word_1_79' title='bbox 449 1762 484 1818; x_wconf 80' lang='grc' dir='ltr'>ῶς</span> <span class='ocrx_word' id='word_1_80' title='bbox 503 1762 597 1835; x_wconf 77' lang='grc' dir='ltr'>ἄνδρας</span> <span class='ocrx_word' id='word_1_81' title='bbox 613 1765 700 1836; x_wconf 84' lang='grc' dir='ltr'>λέγειν</span> <span class='ocrx_word' id='word_1_82' title='bbox 718 1764 824 1834; x_wconf 78' lang='grc' dir='ltr'>ἐποίησε</span> <span class='ocrx_word' id='word_1_83' title='bbox 844 1768 881 1838; x_wconf 79' lang='grc' dir='ltr'>τῷ</span> <span class='ocrx_word' id='word_1_84' title='bbox 901 1763 1016 1835; x_wconf 77' lang='grc' dir='ltr'>σχήματι</span> <span class='ocrx_word' id='word_1_85' title='bbox 1036 1767 1083 1833; x_wconf 82' lang='grc' dir='ltr'>τῆς</span> <span class='ocrx_word' id='word_1_86' title='bbox 1095 1767 1192 1837; x_wconf 73' lang='grc' dir='ltr'>λέξεως</span> <span class='ocrx_word' id='word_1_87' title='bbox 1205 1767 1251 1822; x_wconf 79' lang='grc' dir='ltr'>τὰς</span> 
     </span>
    </p>
   </div>
   <div class='ocr_carea' id='block_1_6' title="bbox 145 1881 275 1932">
    <p class='ocr_par' dir='ltr' id='par_1_7' title="bbox 145 1881 275 1932">
     <span class='ocr_line' id='line_1_12' title="bbox 145 1881 275 1932; baseline 0.023 -18"><span class='ocrx_word' id='word_1_88' title='bbox 145 1881 275 1932; x_wconf 87' lang='grc' dir='ltr'>γνναικας.</span> 
     </span>
    </p>
   </div>
   <div class='ocr_carea' id='block_1_7' title="bbox 189 2008 704 2149">
    <p class='ocr_par' dir='ltr' id='par_1_8' title="bbox 189 2008 704 2149">
     <span class='ocr_line' id='line_1_13' title="bbox 189 2008 704 2149; baseline 0 -18"><span class='ocrx_word' id='word_1_89' title='bbox 189 2072 322 2132; x_wconf 78' lang='lat' dir='ltr'><strong>Stobaeus</strong></span> <span class='ocrx_word' id='word_1_90' title='bbox 338 2073 386 2147; x_wconf 89' lang='lat'>76.</span> <span class='ocrx_word' id='word_1_91' title='bbox 399 2093 426 2149; x_wconf 90' lang='lat' dir='ltr'>p.</span> <span class='ocrx_word' id='word_1_92' title='bbox 438 2088 508 2149; x_wconf 84' lang='lat'><strong>453.</strong></span> <span class='ocrx_word' id='word_1_93' title='bbox 692 2008 704 2048; x_wconf 60' lang='grc' dir='ltr'><strong>Ι</strong></span> 
     </span>
    </p>
   </div>
   <div class='ocr_carea' id='block_1_8' title="bbox 232 2165 937 2558">
    <p class='ocr_par' dir='ltr' id='par_1_9' title="bbox 233 2165 937 2358">
     <span class='ocr_line' id='line_1_14' title="bbox 233 2165 937 2251; baseline 0.009 -21"><span class='ocrx_word' id='word_1_94' title='bbox 233 2165 312 2250; x_wconf 81' lang='grc' dir='ltr'>Τάχ’</span> <span class='ocrx_word' id='word_1_95' title='bbox 327 2165 365 2231; x_wconf 76' lang='grc' dir='ltr'>ἂν</span> <span class='ocrx_word' id='word_1_96' title='bbox 379 2167 453 2249; x_wconf 74' lang='grc' dir='ltr'>πρὸς</span> <span class='ocrx_word' id='word_1_97' title='bbox 467 2167 630 2250; x_wconf 78' lang='grc' dir='ltr'>ἀγκάλαισι</span> <span class='ocrx_word' id='word_1_98' title='bbox 645 2169 693 2232; x_wconf 79' lang='grc' dir='ltr'>καί</span> <span class='ocrx_word' id='word_1_99' title='bbox 708 2168 842 2251; x_wconf 78' lang='grc' dir='ltr'>στέρνοις</span> <span class='ocrx_word' id='word_1_100' title='bbox 857 2171 937 2249; x_wconf 80' lang='grc' dir='ltr'>έμοῖς</span> 
     </span>
     <span class='ocr_line' id='line_1_15' title="bbox 234 2270 803 2358; baseline 0.002 -24"><span class='ocrx_word' id='word_1_101' title='bbox 234 2273 334 2348; x_wconf 84' lang='grc' dir='ltr'>πηδῶν</span> <span class='ocrx_word' id='word_1_102' title='bbox 349 2272 452 2353; x_wconf 77' lang='grc' dir='ltr'>ἀθύροι</span> <span class='ocrx_word' id='word_1_103' title='bbox 467 2271 515 2334; x_wconf 78' lang='grc' dir='ltr'>καί</span> <span class='ocrx_word' id='word_1_104' title='bbox 530 2270 705 2352; x_wconf 73' lang='grc' dir='ltr'>φιλημάτων</span> <span class='ocrx_word' id='word_1_105' title='bbox 719 2274 803 2358; x_wconf 79' lang='grc' dir='ltr'>ὄχλῳ</span> 
     </span>
    </p>

    <p class='ocr_par' dir='ltr' id='par_1_10' title="bbox 232 2372 920 2558">
     <span class='ocr_line' id='line_1_16' title="bbox 232 2372 920 2457; baseline 0.009 -22"><span class='ocrx_word' id='word_1_106' title='bbox 232 2372 337 2455; x_wconf 75' lang='grc' dir='ltr'>ψυχὴν</span> <span class='ocrx_word' id='word_1_107' title='bbox 353 2373 426 2452; x_wconf 78' lang='grc' dir='ltr'>έμῆν</span> <span class='ocrx_word' id='word_1_108' title='bbox 441 2372 590 2451; x_wconf 76' lang='grc' dir='ltr'>κτήσαιτο·</span> <span class='ocrx_word' id='word_1_109' title='bbox 621 2378 713 2438; x_wconf 81' lang='grc' dir='ltr'>τοῦτο</span> <span class='ocrx_word' id='word_1_110' title='bbox 727 2379 784 2456; x_wconf 77' lang='grc' dir='ltr'>γὰρ</span> <span class='ocrx_word' id='word_1_111' title='bbox 799 2380 920 2457; x_wconf 80' lang='grc' dir='ltr'>βροτοῖς</span> 
     </span>
     <span class='ocr_line' id='line_1_17' title="bbox 233 2475 870 2558; baseline -0.002 -18"><span class='ocrx_word' id='word_1_112' title='bbox 233 2479 362 2558; x_wconf 82' lang='grc' dir='ltr'>φίλτρον</span> <span class='ocrx_word' id='word_1_113' title='bbox 372 2475 526 2558; x_wconf 80' lang='grc' dir='ltr'>μέγιστον,</span> <span class='ocrx_word' id='word_1_114' title='bbox 543 2478 574 2540; x_wconf 88' lang='grc' dir='ltr'>αί</span> <span class='ocrx_word' id='word_1_115' title='bbox 589 2480 750 2555; x_wconf 77' lang='grc' dir='ltr'>ξυνουσίαι,</span> <span class='ocrx_word' id='word_1_116' title='bbox 767 2476 870 2558; x_wconf 88' lang='grc' dir='ltr'>πάτερ.</span> 
     </span>
    </p>
   </div>
   <div class='ocr_carea' id='block_1_9' title="bbox 186 2631 939 3392">
    <p class='ocr_par' dir='ltr' id='par_1_11' title="bbox 689 2631 707 2674">
     <span class='ocr_line' id='line_1_18' title="bbox 689 2631 707 2674; baseline 0 0"><span class='ocrx_word' id='word_1_117' title='bbox 689 2631 707 2674; x_wconf 85' lang='lat'>2</span> 
     </span>
    </p>

    <p class='ocr_par' dir='ltr' id='par_1_12' title="bbox 186 2697 939 3392">
     <span class='ocr_line' id='line_1_19' title="bbox 186 2697 504 2776; baseline 0 -20"><span class='ocrx_word' id='word_1_118' title='bbox 186 2697 320 2758; x_wconf 83' lang='lat' dir='ltr'>Stobaeus</span> <span class='ocrx_word' id='word_1_119' title='bbox 332 2699 383 2775; x_wconf 90' lang='lat'>69.</span> <span class='ocrx_word' id='word_1_120' title='bbox 399 2720 428 2776; x_wconf 92' lang='lat' dir='ltr'>p.</span> <span class='ocrx_word' id='word_1_121' title='bbox 437 2717 504 2774; x_wconf 84' lang='lat'><strong>429.</strong></span> 
     </span>
     <span class='ocr_line' id='line_1_20' title="bbox 234 2796 838 2881; baseline 0.01 -22"><span class='ocrx_word' id='word_1_122' title='bbox 234 2796 292 2859; x_wconf 75' lang='grc' dir='ltr'>Καὶ</span> <span class='ocrx_word' id='word_1_123' title='bbox 308 2801 361 2860; x_wconf 81' lang='grc' dir='ltr'>νῦν</span> <span class='ocrx_word' id='word_1_124' title='bbox 375 2801 508 2878; x_wconf 79' lang='grc' dir='ltr'>παραινῶ</span> <span class='ocrx_word' id='word_1_125' title='bbox 522 2801 597 2859; x_wconf 82' lang='grc' dir='ltr'>πᾶσι</span> <span class='ocrx_word' id='word_1_126' title='bbox 612 2802 672 2862; x_wconf 86' lang='grc' dir='ltr'>τοῖς</span> <span class='ocrx_word' id='word_1_127' title='bbox 684 2797 838 2881; x_wconf 75' lang='grc' dir='ltr'>νεωτέροις</span> 
     </span>
     <span class='ocr_line' id='line_1_21' title="bbox 230 2899 927 2982; baseline 0.01 -20"><span class='ocrx_word' id='word_1_128' title='bbox 230 2900 271 2980; x_wconf 71' lang='grc' dir='ltr'>μὴ</span> <span class='ocrx_word' id='word_1_129' title='bbox 284 2899 358 2981; x_wconf 85' lang='grc' dir='ltr'>πρὸς</span> <span class='ocrx_word' id='word_1_130' title='bbox 372 2899 406 2962; x_wconf 80' lang='grc' dir='ltr'>τὸ</span> <span class='ocrx_word' id='word_1_131' title='bbox 421 2903 512 2981; x_wconf 76' lang='grc' dir='ltr'>γῆρας</span> <span class='ocrx_word' id='word_1_132' title='bbox 526 2900 593 2966; x_wconf 83' lang='grc' dir='ltr'>τοὺς</span> <span class='ocrx_word' id='word_1_133' title='bbox 607 2899 719 2981; x_wconf 84' lang='grc' dir='ltr'>γάμους</span> <span class='ocrx_word' id='word_1_134' title='bbox 733 2902 927 2982; x_wconf 74' lang='grc' dir='ltr'>ποιουμένους</span> 
     </span>
     <span class='ocr_line' id='line_1_22' title="bbox 231 3004 920 3087; baseline 0.003 -21"><span class='ocrx_word' id='word_1_135' title='bbox 231 3006 332 3087; x_wconf 87' lang='grc' dir='ltr'>σχολῇ</span> <span class='ocrx_word' id='word_1_136' title='bbox 348 3007 523 3066; x_wconf 80' lang='grc' dir='ltr'>τεκνοῦσθαι</span> <span class='ocrx_word' id='word_1_137' title='bbox 537 3004 734 3070; x_wconf 71' lang='grc' dir='ltr'>παῖδας-ού</span> <span class='ocrx_word' id='word_1_138' title='bbox 748 3006 806 3086; x_wconf 73' lang='grc' dir='ltr'>γὰρ</span> <span class='ocrx_word' id='word_1_139' title='bbox 819 3005 920 3084; x_wconf 79' lang='grc' dir='ltr'>ἡδονὴ,</span> 
     </span>
     <span class='ocr_line' id='line_1_23' title="bbox 230 3104 939 3189; baseline -0.001 -19"><span class='ocrx_word' id='word_1_140' title='bbox 230 3107 351 3189; x_wconf 89' lang='grc' dir='ltr'>γυναικί</span> <span class='ocrx_word' id='word_1_141' title='bbox 363 3107 388 3167; x_wconf 85' lang='grc' dir='ltr'>τ’</span> <span class='ocrx_word' id='word_1_142' title='bbox 404 3104 513 3186; x_wconf 78' lang='grc' dir='ltr'>ἐχθρὸν</span> <span class='ocrx_word' id='word_1_143' title='bbox 527 3107 627 3188; x_wconf 81' lang='grc' dir='ltr'>χρῆμα</span> <span class='ocrx_word' id='word_1_144' title='bbox 641 3107 810 3186; x_wconf 81' lang='grc' dir='ltr'>πρεσβύτης</span> <span class='ocrx_word' id='word_1_145' title='bbox 822 3107 939 3189; x_wconf 75' lang='grc' dir='ltr'>ἀνηρ-</span> 
     </span>
     <span class='ocr_line' id='line_1_24' title="bbox 231 3202 913 3287; baseline 0.006 -20"><span class='ocrx_word' id='word_1_146' title='bbox 231 3202 300 3267; x_wconf 84' lang='grc' dir='ltr'>άλλ’</span> <span class='ocrx_word' id='word_1_147' title='bbox 318 3204 356 3269; x_wconf 85' lang='grc' dir='ltr'>ῶς</span> <span class='ocrx_word' id='word_1_148' title='bbox 370 3203 507 3286; x_wconf 86' lang='grc' dir='ltr'>τάχιστα·</span> <span class='ocrx_word' id='word_1_149' title='bbox 533 3205 651 3286; x_wconf 74' lang='grc' dir='ltr'>καὶγὰρ</span> <span class='ocrx_word' id='word_1_150' title='bbox 668 3206 809 3287; x_wconf 82' lang='grc' dir='ltr'>ἐκτροφαὶ</span> <span class='ocrx_word' id='word_1_151' title='bbox 825 3209 913 3271; x_wconf 85' lang='grc' dir='ltr'>καλαὶ</span> 
     </span>
     <span class='ocr_line' id='line_1_25' title="bbox 233 3305 801 3392; baseline 0.007 -24"><span class='ocrx_word' id='word_1_152' title='bbox 233 3307 281 3369; x_wconf 80' lang='grc' dir='ltr'>καὶ</span> <span class='ocrx_word' id='word_1_153' title='bbox 296 3305 464 3380; x_wconf 76' lang='grc' dir='ltr'>συννεάζων</span> <span class='ocrx_word' id='word_1_154' title='bbox 479 3306 533 3385; x_wconf 82' lang='grc' dir='ltr'>ἡδὺ</span> <span class='ocrx_word' id='word_1_155' title='bbox 546 3312 615 3374; x_wconf 84' lang='grc' dir='ltr'>παῖς</span> <span class='ocrx_word' id='word_1_156' title='bbox 629 3305 687 3392; x_wconf 77' lang='grc' dir='ltr'>νέῳ</span> <span class='ocrx_word' id='word_1_157' title='bbox 702 3311 801 3389; x_wconf 86' lang='grc' dir='ltr'>πατρί.</span> 
     </span>
    </p>
   </div>
   <div class='ocr_carea' id='block_1_10' title="bbox 186 3527 928 4320">
    <p class='ocr_par' dir='ltr' id='par_1_13' title="bbox 186 3527 928 4320">
     <span class='ocr_line' id='line_1_26' title="bbox 186 3527 513 3606; baseline 0 -20"><span class='ocrx_word' id='word_1_158' title='bbox 186 3527 322 3586; x_wconf 81' lang='lat' dir='ltr'>Stobaeus</span> <span class='ocrx_word' id='word_1_159' title='bbox 339 3546 387 3606; x_wconf 88' lang='lat'>73.</span> <span class='ocrx_word' id='word_1_160' title='bbox 402 3550 431 3606; x_wconf 86' lang='lat' dir='ltr'>p.</span> <span class='ocrx_word' id='word_1_161' title='bbox 443 3529 513 3604; x_wconf 87' lang='lat'><strong>448.</strong></span> 
     </span>
     <span class='ocr_line' id='line_1_27' title="bbox 231 3624 833 3708; baseline 0.005 -21"><span class='ocrx_word' id='word_1_162' title='bbox 231 3625 331 3698; x_wconf 81' lang='grc' dir='ltr'>Γύναι,</span> <span class='ocrx_word' id='word_1_163' title='bbox 348 3627 442 3707; x_wconf 89' lang='grc' dir='ltr'>φίλον</span> <span class='ocrx_word' id='word_1_164' title='bbox 455 3628 512 3705; x_wconf 75' lang='grc' dir='ltr'>μὲν</span> <span class='ocrx_word' id='word_1_165' title='bbox 527 3624 642 3708; x_wconf 83' lang='grc' dir='ltr'>φέγγος</span> <span class='ocrx_word' id='word_1_166' title='bbox 654 3626 741 3704; x_wconf 81' lang='grc' dir='ltr'>ἡλίου</span> <span class='ocrx_word' id='word_1_167' title='bbox 756 3628 833 3700; x_wconf 83' lang='grc' dir='ltr'>τόδε,</span> 
     </span>
     <span class='ocr_line' id='line_1_28' title="bbox 232 3726 858 3811; baseline 0.002 -20"><span class='ocrx_word' id='word_1_168' title='bbox 232 3726 326 3791; x_wconf 84' lang='grc' dir='ltr'>καλὸν</span> <span class='ocrx_word' id='word_1_169' title='bbox 341 3729 373 3790; x_wconf 79' lang='grc' dir='ltr'>δὲ</span> <span class='ocrx_word' id='word_1_170' title='bbox 388 3729 498 3792; x_wconf 85' lang='grc' dir='ltr'>πόντου</span> <span class='ocrx_word' id='word_1_171' title='bbox 513 3726 598 3811; x_wconf 79' lang='grc' dir='ltr'>χεῦμ’</span> <span class='ocrx_word' id='word_1_172' title='bbox 615 3730 687 3791; x_wconf 80' lang='grc' dir='ltr'>ἰδεῖν</span> <span class='ocrx_word' id='word_1_173' title='bbox 703 3728 858 3808; x_wconf 82' lang='grc' dir='ltr'>εύήνεμον,</span> 
     </span>
     <span class='ocr_line' id='line_1_29' title="bbox 230 3827 905 3914; baseline 0.003 -21"><span class='ocrx_word' id='word_1_174' title='bbox 230 3832 269 3911; x_wconf 76' lang='grc' dir='ltr'>γῆ</span> <span class='ocrx_word' id='word_1_175' title='bbox 283 3827 307 3893; x_wconf 84' lang='grc' dir='ltr'>τ’</span> <span class='ocrx_word' id='word_1_176' title='bbox 323 3829 427 3911; x_wconf 81' lang='grc' dir='ltr'>ἠρινὸν</span> <span class='ocrx_word' id='word_1_177' title='bbox 443 3830 601 3894; x_wconf 88' lang='grc' dir='ltr'>θάλλουσα</span> <span class='ocrx_word' id='word_1_178' title='bbox 615 3828 763 3894; x_wconf 86' lang='grc' dir='ltr'>πλούσιόν</span> <span class='ocrx_word' id='word_1_179' title='bbox 778 3829 804 3894; x_wconf 89' lang='grc' dir='ltr'>θ’</span> <span class='ocrx_word' id='word_1_180' title='bbox 820 3833 905 3914; x_wconf 84' lang='grc' dir='ltr'>ὕδωρ,</span> 
     </span>
     <span class='ocr_line' id='line_1_30' title="bbox 229 3933 904 4012; baseline 0.001 -16"><span class='ocrx_word' id='word_1_181' title='bbox 229 3937 353 3996; x_wconf 82' lang='grc' dir='ltr'>πολλῶν</span> <span class='ocrx_word' id='word_1_182' title='bbox 368 3933 393 3995; x_wconf 79' lang='grc' dir='ltr'>τ’</span> <span class='ocrx_word' id='word_1_183' title='bbox 410 3933 534 3997; x_wconf 81' lang='grc' dir='ltr'>ἔπαινον</span> <span class='ocrx_word' id='word_1_184' title='bbox 549 3933 619 3998; x_wconf 77' lang='grc' dir='ltr'>ἔστί</span> <span class='ocrx_word' id='word_1_185' title='bbox 630 3958 681 4012; x_wconf 86' lang='grc' dir='ltr'>μοι</span> <span class='ocrx_word' id='word_1_186' title='bbox 695 3933 780 4011; x_wconf 80' lang='grc' dir='ltr'>λέξαι</span> <span class='ocrx_word' id='word_1_187' title='bbox 796 3940 904 3997; x_wconf 82' lang='grc' dir='ltr'>καλῶν·</span> 
     </span>
     <span class='ocr_line' id='line_1_31' title="bbox 230 4033 928 4117; baseline -0.001 -18"><span class='ocrx_word' id='word_1_188' title='bbox 230 4033 298 4099; x_wconf 73' lang='grc' dir='ltr'>ἀλλ’</span> <span class='ocrx_word' id='word_1_189' title='bbox 315 4035 402 4099; x_wconf 69' lang='grc' dir='ltr'>οὐδὲν</span> <span class='ocrx_word' id='word_1_190' title='bbox 417 4039 491 4099; x_wconf 80' lang='grc' dir='ltr'>οὕτω</span> <span class='ocrx_word' id='word_1_191' title='bbox 506 4036 644 4117; x_wconf 83' lang='grc' dir='ltr'>λαμπρὸν</span> <span class='ocrx_word' id='word_1_192' title='bbox 660 4033 719 4099; x_wconf 82' lang='grc' dir='ltr'>οὐδ’</span> <span class='ocrx_word' id='word_1_193' title='bbox 737 4038 810 4099; x_wconf 80' lang='grc' dir='ltr'>ἰδεῖν</span> <span class='ocrx_word' id='word_1_194' title='bbox 825 4036 928 4108; x_wconf 84' lang='grc' dir='ltr'>καλὸν,</span> 
     </span>
     <span class='ocr_line' id='line_1_32' title="bbox 230 4134 827 4223; baseline 0.005 -24"><span class='ocrx_word' id='word_1_195' title='bbox 230 4137 268 4202; x_wconf 83' lang='grc' dir='ltr'>ὡς</span> <span class='ocrx_word' id='word_1_196' title='bbox 282 4141 342 4201; x_wconf 85' lang='grc' dir='ltr'>τοῖς</span> <span class='ocrx_word' id='word_1_197' title='bbox 358 4134 463 4198; x_wconf 83' lang='grc' dir='ltr'>ἅπαισι</span> <span class='ocrx_word' id='word_1_198' title='bbox 480 4139 527 4200; x_wconf 88' lang='grc' dir='ltr'>καὶ</span> <span class='ocrx_word' id='word_1_199' title='bbox 540 4138 623 4223; x_wconf 87' lang='grc' dir='ltr'>πόθιρ</span> <span class='ocrx_word' id='word_1_200' title='bbox 639 4136 827 4216; x_wconf 86' lang='grc' dir='ltr'>δεδηγμένοις</span> 
     </span>
     <span class='ocr_line' id='line_1_33' title="bbox 229 4239 845 4320; baseline 0 -20"><span class='ocrx_word' id='word_1_201' title='bbox 229 4239 342 4301; x_wconf 85' lang='grc' dir='ltr'>παίδων</span> <span class='ocrx_word' id='word_1_202' title='bbox 359 4245 492 4320; x_wconf 81' lang='grc' dir='ltr'>νεογνῶν</span> <span class='ocrx_word' id='word_1_203' title='bbox 507 4242 540 4304; x_wconf 83' lang='grc' dir='ltr'>έν</span> <span class='ocrx_word' id='word_1_204' title='bbox 556 4243 655 4320; x_wconf 83' lang='grc' dir='ltr'>δόμοις</span> <span class='ocrx_word' id='word_1_205' title='bbox 670 4242 743 4304; x_wconf 77' lang='grc' dir='ltr'>ἰδεῖν</span> <span class='ocrx_word' id='word_1_206' title='bbox 759 4239 845 4320; x_wconf 80' lang='grc' dir='ltr'>φάος.</span> 
     </span>
    </p>
   </div>
   <div class='ocr_carea' id='block_1_11' title="bbox 0 0 1426 4882">
    <p class='ocr_par' dir='ltr' id='par_1_14' title="bbox 0 0 1426 4882">
     <span class='ocr_line' id='line_1_34' title="bbox 0 0 1426 4882; baseline 0 0"><span class='ocrx_word' id='word_1_207' title='bbox 0 0 1426 4882; x_wconf 95' lang='lat' dir='ltr'> </span> 
     </span>
    </p>
   </div>
  </div>
 </body>
</html>
