2850 4898
212 280 277 348 910
646 280 875 339 ΕΎΡΙΠΙΔΟὟ

254 538 388 596 Stobaeus
408 552 473 609 107.
489 555 517 611 p.
532 550 602 610 579.
751 470 773 525 4

301 635 385 711 Λύπη
400 633 455 710 μὲν
470 632 525 709 άτη
540 634 713 711 περιπεσεῖν
729 631 840 713 αἰσχρᾷ
856 633 923 695 τινί.

301 736 328 799 εί
341 732 365 797 δ’
382 734 434 797 οὖν
449 732 577 813 γένοιτο,
593 731 650 813 χρὴ
665 737 852 811 περιστεῖλαι
867 738 963 799 καλῶς

301 837 465 918 κρύπτοντα
480 835 528 897 καὶ
541 834 581 913 μὴ
595 837 670 897 πῖισι
682 835 842 914 κηρύσσειν
856 835 936 900 τάδε·

301 937 397 1019 γέλως
412 939 469 1019 γὰρ
485 939 603 1019 ἐχθροῖς
617 937 752 1016 γίγνεται
762 938 800 1000 τὰ
813 937 922 1001 τοιάδε.

255 1161 383 1237 Etymol.
399 1160 442 1216 M.
457 1179 484 1234 p.
500 1159 568 1234 796,
588 1176 633 1215 10.
655 1072 794 1231 Εὗριπίδςης
806 1162 962 1234 παράγογον
979 1160 1048 1233 ῥῆμα
1068 1161 1120 1215 ἀπὸ
1132 1157 1229 1213 τούτου
1242 1158 1318 1227 nou>-

214 1281 266 1315 σας
279 1259 363 1331 φησὶν
377 1258 404 1312 ἐν
418 1257 554 1330 Κρήσσαις

301 1353 379 1434 Πρὶν
394 1350 432 1415 ἂν
447 1351 596 1431 ἑκφλῖηναί
608 1374 645 1426 με
661 1350 709 1411 καὶ
723 1352 830 1426 μαθεῖν
844 1352 948 1431 λόγον.

214 1459 275 1530 πρὶν
287 1459 337 1530 γάρ
351 1455 486 1532 Sylburg.

256 1622 389 1680 Stobaeus
406 1639 453 1695 29.
468 1640 496 1697 p.
517 1640 583 1697 199.

301 1716 365 1781 Οὔκ
379 1715 417 1780 δν
432 1718 532 1782 δύναιο
547 1717 587 1796 μὴ
603 1719 702 1797 καμὼν
718 1717 911 1796 εὐδαιμονεῖν,

300 1820 427 1902 οίσχρόν
441 1843 474 1882 τε
488 1825 613 1902 μοχθεῖν
626 1819 666 1898 μὴ
681 1819 782 1884 θέλειν
799 1821 931 1883 νεανίαν.

258 2009 391 2068 Stobaeus
406 2009 454 2083 96.
469 2029 498 2086 p.
515 2026 582 2084 530.
756 1939 773 2002 7

687 2107 725 2167 Εί
740 2101 764 2166 δ’
781 2104 851 2184 άτερ
865 2105 965 2167 πόνων

302 2210 396 2273 δοκεῖς
411 2206 544 2278 ἔσεσθαι,
560 2210 656 2285 μῶρος
671 2203 707 2277 εἶ,
724 2206 828 2285 θνητὸς
842 2208 946 2287 γεγάς.

257 2396 389 2454 stobaeus
404 2395 452 2469 89.
467 2414 496 2471 p.
511 2410 580 2469 502.
596 2411 627 2456 et
639 2418 670 2457 v.
687 2417 714 2456 2.
729 2308 778 2469 93.
794 2415 824 2471 p.
839 2411 908 2470 505.

302 2488 483 2569 Ἐπίσταμαι
498 2492 530 2554 δὲ
547 2493 594 2555 καὶ
608 2494 786 2573 πεπείραμαι
800 2492 871 2555 λίαν

302 2593 340 2657 ὣς
354 2596 413 2654 τῶν
428 2592 560 2672 ἐχόντων
574 2593 683 2661 πάντες
697 2594 846 2672 άνθρωποι
861 2593 954 2671 φίλοι.

756 2714 774 2778 9

258 2781 390 2838 Stobaeus
405 2799 453 2853 90.
468 2801 497 2857 p.
514 2797 582 2857 505.

304 2878 443 2940 Πλούτου
458 2876 482 2940 δ’
499 2878 696 2960 ἀπορρυέντος
710 2879 847 2942 ἀσθενεῖς
861 2877 959 2959 γάμοι·

303 2979 357 3058 τὴν
371 2980 426 3057 μὲν
441 2982 499 3061 γὰρ
515 2979 668 3062 εὐγένειαν
684 2981 818 3043 αἰνοῦσιν
832 2979 947 3058 βροτοὶ,

303 3085 422 3160 μῖιλλον
436 3082 468 3143 δὲ
485 3083 638 3160 κηδεύουσι
653 3087 714 3149 τοῖς
730 3082 910 3160 εὐδαίμοσιν.

260 3287 418 3346 Athenaeus
433 3286 488 3344 111.
503 3305 533 3361 p.
549 3303 586 3361 97
603 3307 629 3344 a.
749 3219 789 3264 10

306 3383 407 3461 Νόμος
422 3383 454 3444 δὲ
469 3379 590 3463 λείψαν’
608 3382 772 3461 ἐκβάλλειν
789 3383 882 3446 κυσίν.

219 3491 248 3544 ἐν
261 3488 395 3560 Κρησσαις
410 3489 424 3540 δ
438 3487 578 3560 Εὐριπίδης
591 3489 652 3559 ἔφη.

259 3670 398 3745 Apollon.
414 3670 499 3745 Dysc.
512 3670 542 3726 in
554 3602 808 3745 Anecd.l3ekl:.1p.
821 3688 890 3746 514,
904 3687 932 3744 5.
949 3670 1009 3725 Ἔτι
1023 3673 1112 3743 μέντοι
1125 3673 1208 3743 φησὶν
1220 3673 1236 3724 δ
1249 3670 1320 3742 Τρύ-

219 3771 288 3840 φων,
303 3769 337 3825 ὣς
350 3770 419 3841 παρὰ
435 3767 588 3842 (Εὐριπίδη)
605 3770 647 3823 καὶ
660 3771 698 3822 ἔτι
711 3769 803 3825 ἄλλοις
811 3771 928 3838 ποιηταῖς
938 3767 1089 3838 ὀνοματικῆς
1103 3769 1250 3838 συντάξεως
1262 3769 1321 3822 ἔτν-

220 3889 276 3937 χεν.
298 3866 325 3920 ἒν
338 3868 385 3936 μὲν
397 3867 448 3937 γάρ
462 3864 598 3938 Κρήσσαις

305 3956 386 4040 Ἐγὼ
400 3958 489 4042 χάριν
504 3959 562 4038 σὴν
575 3963 682 4025 παῖδας
695 3959 731 4023 οὗ
746 3964 922 4022 κατακτενῶ.

261 4163 420 4221 Athenaeus
433 4162 485 4219 XI.
500 4182 529 4239 p.
545 4181 605 4238 504
619 4164 646 4220 b.
661 4095 800 4238 Εὐριπίδῗς
813 4166 843 4220 ἐν
856 4165 991 4239 Κρὴσσσις

306 4261 355 4321 Τῖι
369 4255 393 4320 δ’
409 4258 490 4321 άλλα
503 4263 599 4340 χαῖρε,
617 4260 733 4326 κύλικος
748 4261 893 4340 ἑρπούσης
909 4261 1014 4345 κύκλῳ.
