2850 4898
533 287 878 349 ΑΠΟΣΠΑΣΜΑΤΙΑ.
1193 280 1258 351 973

157 455 225 522 VII,
240 473 265 511 1.
288 454 409 532 Septem
424 455 563 531 deinceps
575 474 676 512 versus
691 474 724 512 ex
739 453 885 511 Atheneo
900 451 1070 510 Euststhius
1084 473 1111 532 p.
1125 454 1196 528 978,
1211 470 1226 510 ι
1229 471 1257 528 3.

158 553 333 611 Plutarchus
347 554 455 613 Morsl.
470 574 499 630 p.
516 568 574 627 77ο
589 572 616 611 α.
634 552 709 609 οὕτω
719 553 770 626 γδρ
783 552 844 626 ἐρᾶν
857 550 957 625 ὄμβρον
969 554 1045 625 γαῖαν
1058 554 1083 606 oi
1095 552 1257 621 ποιηταίλέ-

156 673 235 724 γουσι
248 654 289 707 καὶ
302 655 349 725 γῆς
363 653 480 725 οὐρανόν.
502 651 547 708 Μ.
563 650 708 708 Antonin.
723 649 761 717 X,
779 666 827 706 21.
848 650 894 724 ε’ρᾷ
911 650 958 720 μίν
971 648 1072 722 ὄμβρον
1085 652 1156 723 γαῖα,
1171 650 1217 723 ε’ρᾷ
1229 649 1259 704 δὲ

157 751 253 821 σεμνὸς
266 750 350 823 αἰθήρ.
380 750 406 805 Ε
420 748 585 806 Menandro
600 747 671 805 citat
685 745 775 804 schol.
790 746 861 804 Hes.
875 746 985 826 Theog.
1002 745 1067 822 138.

696 894 717 959 5

213 964 347 1023 Stobaeus
367 984 391 1021 ι.
406 985 436 1041 p.
457 983 480 1022 1.

245 1060 309 1124 Οὐκ
324 1060 407 1123 ἔστιν
422 1061 526 1140 ἀρετῆς
542 1061 634 1137 κτῆμα
648 1060 829 1139 τιμιώτερον·

245 1162 280 1225 οὗ
295 1164 353 1243 γὰρ
367 1159 482 1243 πέφυκε
497 1165 606 1225 δοῦλον
621 1163 688 1225 οὔτε
703 1160 862 1243 χρημάτων

245 1262 305 1328 οὔτ’
322 1262 492 1344 ἀσφαλείας
506 1263 574 1326 οὔτε
590 1263 716 1328 θωπείας
730 1263 881 1345 ὄχλον.-

244 1363 352 1446 ’Aperi
367 1363 404 1443 δ’,
420 1366 541 1450 ὅσῳπερ
554 1369 674 1444 μᾶλλον
689 1365 726 1428 δν
741 1368 870 1447 χρῆσθαι
885 1364 985 1444 θέλης,

246 1472 360 1554 τοσῷδε
374 1473 492 1547 μᾶλλον
507 1470 625 1547 αὔξεται
639 1466 807 1547 λειονμίνη.

699 1614 719 1675 6

201 1698 335 1758 Stobaeus
348 1700 467 1758 ibidem.

245 1792 353 1876 Ἀρετὴ
366 1795 511 1878 μέγιστον
525 1801 584 1858 τῶν
599 1797 633 1859 ἐν
647 1797 811 1877 ἀνθρώποις
825 1797 929 1858 καλόν.

203 2016 337 2076 Stobaeus
352 2036 380 2091 4.
395 2039 424 2095 p.
440 2033 490 2093 52.
701 1945 718 2012 7

246 2113 291 2176 Td
304 2113 344 2193 μὴ
360 2112 469 2177 είδίναι
484 2139 521 2177 σε
535 2115 628 2193 μηδὲν
642 2114 684 2176 ὧν
698 2111 873 2194 ἁμαρτάνεις

248 2215 378 2295 ἔκκανμα
392 2216 502 2294 τόλμης
517 2216 618 2279 ἱκανόν
635 2217 699 2277 ἔστι
715 2215 763 2278 καὶ
780 2213 915 2296 θράσους.

203 2444 338 2503 Stobaeus
348 2445 459 2503 ibidem
472 2465 502 2521 p.
519 2461 534 2521 5
540 2464 567 2520 3.
702 2357 720 2420 8

252 2541 296 2605 Τὸ
311 2541 335 2605 δ’
351 2542 410 2606 ὠκὺ
424 2547 510 2606 τοῦτο
526 2545 573 2605 καὶ
587 2542 621 2605 τδ
635 2542 788 2625 λαιψηρὸν
802 2548 922 2625 φρενῶν

250 2642 291 2706 είς
306 2642 465 2722 σνμφορδν
479 2641 580 2720 ἵστησι
594 2644 695 2705 πολλὰ
710 2642 744 2721 δὴ
757 2644 894 2724 βροτούς.

207 2890 370 2948 Athenaeus
383 2889 451 2946 XV.
466 2909 494 2965 p.
509 2889 567 2965 665
584 2909 610 2946 α.
636 2806 782 2948 Ρλιιάιολ.
797 2892 903 2949 Morsl.
917 2911 945 2967 p.
963 2907 1019 2967 50²
1036 2911 1062 2950 ο.
1084 2891 1218 2950 Stobaeus
1232 2909 1262 2964 4.

163 3009 192 3066 P·
209 3005 256 3064 53·

251 3086 291 3147 Εί
302 3108 353 3162 μοι
367 3082 401 3145 τὸ
416 3083 601 3162 Νεστόρειον
617 3084 793 3164 εὔγλωσσον
807 3081 899 3161 μίλος

249 3184 429 3267 Ἀντήνορός
443 3210 475 3248 τε
490 3188 542 3248 τοῦ
557 3184 675 3267 Φρογδς
689 3187 753 3264 δοίη
768 3185 844 3260 θεὸς,

251 3289 304 3353 οὐκ
319 3287 356 3351 δν
372 3289 512 3366 δυναίμην
525 3287 566 3366 μὴ
581 3286 729 3368 στέγοντα
743 3287 909 3367 πιμπλάναι

251 3391 365 3471 σοφοὺς
379 3393 534 3453 ἐπαντλῶν
549 3392 633 3471 ἀνδρὶ
646 3391 686 3469 μὴ
701 3394 788 3476 σοφῷ
803 3392 920 3473 λόγους.

165 3513 231 3570 Duo
245 3512 356 3588 priores
369 3528 470 3567 versus
489 3511 597 3568 servati
614 3521 682 3568 sunt
701 3510 737 3567 ab
751 3511 904 3577 Athenaeo,
920 3511 999 3569 unde
1013 3512 1117 3571 sumsit
1130 3513 1264 3575 Euststh.

165 3629 195 3686 p.
216 3626 301 3683 1301,
317 3626 366 3682 37.
391 3607 449 3665 duo
464 3619 618 3683 sequentes
633 3627 651 3664 α
668 3607 822 3665 Plutarcho
837 3620 867 3665 et
882 3606 1008 3666 Stobaeo.
1042 3609 1208 3685 Utrumque
1221 3612 1264 3669 lo-

167 3725 233 3764 cum
249 3705 400 3783 conjunxit
415 3705 524 3782 Musgr.
545 3715 665 3762 auctore
679 3705 832 3773 Athenaeo,
848 3706 900 3781 qui
917 3717 985 3782 post
1001 3706 1105 3764 allatos
1122 3706 1187 3765 illos
1200 3727 1265 3766 ver·

166 3823 215 3861 sus
228 3801 416 3872 addin-daia
430 3803 498 3867 θεὸς,
514 3803 577 3857 κατὰ
593 3802 639 3857 τδν
656 3803 796 3874 πάνσοφον
809 3804 950 3876 Εὐριπίδην
963 3803 1009 3858 οὒκ
1021 3801 1053 3858 ἃν
1066 3804 1188 3876 δυναίμην
1200 3805 1264 3862 dno·

165 3900 381 3974 μνημονεύειν-.

209 4106 345 4165 Stobaeus
358 4104 467 4162 ibidem
481 4123 511 4180 p.
528 4120 576 4180 53.
701 4037 739 4081 ¹0

255 4204 299 4265 Εὖ
313 4204 371 4283 γάρ
385 4198 444 4264 τόδ’
461 4202 533 4272 ίσθι,
551 4196 636 4262 κείν’
653 4200 820 4264 ἐλάνθανεν
834 4198 935 4281 πάρος,

254 4303 288 4365 τὸ
305 4301 409 4365 σκαιὸν
425 4300 501 4365 εἶναι
515 4298 603 4380 πρῶτ’
619 4302 767 4380 άμοοσίαν
782 4302 855 4385 ἔχει.
