2850 4898
174 278 239 349 926
607 286 834 347 ΕΤΡΙΠΙΔΟὟ

216 534 350 593 Stoboeus
366 552 413 610 73.
428 555 456 610 p.
472 534 541 607 448.
714 466 731 529 7

258 630 315 698 Ὡς
329 632 416 695 οὐδὲν
430 632 515 712 ἀνδρὶ
528 631 636 694 πιστδν
650 633 739 705 ἄλλο,
755 631 836 709 πλὴν
850 631 971 696 τέκνων·

262 733 379 814 κέρδους
394 731 417 796 δ’
435 733 516 796 ἕκατι
532 735 580 796 καὶ
594 732 629 796 τδ
646 736 792 816 συγγενὲς
807 741 900 798 νοσεῖ

713 863 732 924 8

215 968 352 1026 Clemens
366 965 451 1024 Alex.
467 965 575 1024 Strom.
589 965 642 1023 VI.
653 986 683 1042 p.
693 966 753 1043 619
767 987 811 1043 sq.
827 967 873 1027 ed.
890 967 971 1044 Sylb.
994 971 1133 1043 Εὐριπίδης
1146 973 1170 1027 δ’
1185 976 1213 1029 ἐν
1228 980 1273 1030 οἱ»

172 1070 211 1123 νεῖ
224 1070 308 1138 φησιν

257 1157 345 1223 Ἀλλ’
361 1158 455 1223 ἄλλος
470 1158 575 1224 ἄλλοις
590 1163 709 1237 μᾶλλον
723 1159 825 1238 ἥδεται
839 1161 966 1241 τρόποις.

211 1374 371 1432 Athenaeus
381 1373 449 1430 XV.
465 1393 494 1449 p.
502 1372 562 1428 666
577 1391 602 1429 c.
625 1306 758 1439 Κότταρ9ὶος
772 1375 795 1430 δ’
805 1376 920 1431 ε’καλεῖτο
931 1373 997 1448 (καί)
1009 1377 1040 1430 τὸ
1049 1377 1181 1446 τιθέμενον
1190 1373 1273 1433 ἆθλον

171 1475 226 1529 τοῖς
238 1477 342 1527 νικῶσιν
356 1472 382 1526 έν
395 1474 432 1546 τῷ
443 1474 525 1545 πότῳ,
540 1471 574 1526 ὣς
588 1471 728 1542 Εὐριπίδης
739 1474 900 1545 παρίστησιν
910 1475 938 1528 έν
952 1475 1023 1528 Οῖνεῖ
1034 1475 1120 1546 λέγων
1133 1473 1217 1532 οὕτως

259 1570 388 1631 Πυκνοῖς
401 1563 425 1627 δ’
442 1564 577 1642 ἔβαλλον
593 1565 723 1645 Βακχίου
737 1568 915 1645 τοξεύμασιν

259 1665 333 1747 κάρα
348 1664 497 1747 γέροντος,
511 1665 564 1728 τὸν
577 1667 717 1743 βαλόντα
731 1671 763 1730 δὲ
779 1667 905 1750 στέφειν

258 1771 317 1851 ἐγὼ
331 1766 498 1849 ’τετάγμην
523 1764 603 1831 ἆθλα
619 1770 776 1848 κόσσαβον
792 1773 898 1837 διδούς.

211 1985 402 2041 Philostratus
413 1982 531 2040 Heroic.
542 2002 570 2058 p.
582 1981 650 2056 663.
665 1916 762 2040 0162.
773 2004 803 2060 p.
817 2002 862 2043 12.
871 1986 1005 2044 Boiseon.
1021 1990 1086 2043 Νυνὶ
1099 1990 1129 2043 δέ
1134 2011 1180 2058 μοι
1190 1990 1272 2044 ἐκεῖνο

170 2085 234 2148 εἶπέ,
249 2084 328 2137 οίκεῖα
341 2084 464 2154 γεωργοῖς
478 2085 567 2146 ταῦτα,
582 2080 597 2149 ἦ
616 2082 745 2150 δεσπότης
761 2084 808 2152 μὲν
828 2083 911 2139 αὐτῶν
932 2084 1027 2158 ἕτερος,
1042 2086 1078 2140 σὺ
1096 2087 1124 2140 δὲ
1138 2089 1272 2159 τρέφοντα

170 2185 262 2235 τοῖπον
271 2180 385 2251 τρέφεις,
400 2177 490 2250 ὥσπερ
503 2180 549 2232 τὸν
562 2181 609 2232 τοῦ
623 2178 763 2250 Εὐριπίδου
778 2180 863 2234 Οἰνία.

704 2317 740 2359 II

211 2385 384 2464 Hesychius,
399 2385 533 2458 Ἀκρίζιονι
557 2385 643 2457 ἄκροις
656 2388 737 2440 ποσὶν
750 2386 973 2458 ἐπιπορευόμενος.
995 2388 1134 2460 Εὐριπίδης
1148 2390 1229 2446 ozni.

702 2521 740 2566 12

210 2590 358 2666 Aristoph.
372 2590 445 2646 Ach.
461 2605 530 2662 471.
559 2592 607 2645 Καὶ
624 2593 674 2664 γάρ
693 2591 742 2662 εἶμ’
761 2592 826 2665 ἄγαν
838 2591 969 2666 Ὀχληρδς
986 2593 1032 2650 οὖν
1045 2597 1126 2651 δοκῶν
1137 2619 1170 2668 γε
1183 2598 1269 2668 κοιρά-

169 2712 228 2745 νους
241 2690 353 2760 στυγεῖν.
375 2686 425 2744 ubi
439 2686 530 2743 schol.
551 2691 635 2742 Τοῦτο
647 2687 828 2764 πεπαρῴδηται
841 2690 948 2760 ἀσίγμους
966 2693 993 2748 ἐς
1006 2694 1100 2750 Οἰνέως
1116 2693 1268 2766 Εὐριπίδου.

169 2789 183 2840 ὁ
198 2788 225 2842 δέ
239 2784 376 2856 Σύμμαχος
390 2787 430 2839 καὶ
441 2786 469 2840 εἰς
483 2788 605 2856 Τηλέφου
619 2786 703 2858 φησὶν
717 2787 789 2841 αὐτό.

604 2967 836 3027 ΟΙΝΟΜΑΟΣ.

209 3171 343 3230 Stoboeus
357 3169 405 3243 56.
421 3188 450 3245 p.
463 3185 531 3242 374.
709 3103 722 3144 1

252 3264 291 3330 Ὀ
306 3269 435 3327 πλεῖστα
449 3261 595 3342 πράσσων
609 3264 728 3326 πλεῖσθ’
744 3263 905 3344 ἁμαρτάνει
920 3271 1049 3345 βροτῶν.

209 3477 343 3535 Stobaeus
359 3491 407 3549 74.
422 3494 450 3550 p.
466 3489 503 3548 45
515 3494 537 3531 ι.
709 3407 726 3454 2

251 3571 412 3654 Ἀμηχανῶ
424 3568 447 3633 δ’
465 3570 560 3651 ἔγωγε
576 3569 646 3633 κούκ
662 3570 721 3652 ἔχω
736 3574 843 3649 μαθεῖν

253 3673 305 3738 εἴτ’
319 3674 373 3737 οὖν
388 3670 510 3752 ἄμεινόν
527 3674 592 3735 ἔστι
606 3674 765 3754 γίγνεσθαι
779 3671 870 3736 τέκνα

253 3780 405 3854 θνητοῖσιν
421 3772 471 3837 εἴτ’
488 3775 597 3837 ἄπαιδα
613 3778 797 3854 καρποῦσθαι
810 3776 890 3852 βίον.

253 3880 312 3956 δρῶ
327 3879 385 3957 γὰρ
400 3875 443 3940 οῖς
456 3876 512 3952 μὲν
526 3876 580 3938 οὐκ
595 3876 713 3956 ἔφυσαν
730 3877 859 3949 ἀθλίους,

252 3978 353 4039 ὅσοισι
369 3977 395 4039 δ’
412 3977 489 4039 εἰσὶν
504 3976 590 4038 οὐδὲν
606 3975 843 4058 εὐηιχεστέρους.

254 4079 302 4142 καὶ
315 4081 373 4160 γδρ
389 4077 472 4142 κακοὶ
486 4083 614 4160 γεγῶτες
629 4080 752 4161 ἐχθίστη
768 4079 866 4149 νόσος,

255 4175 309 4241 κᾶν
324 4179 361 4242 αὖ
375 4178 520 4260 γένωνται
535 4180 698 4260 σώφρονες,
716 4179 805 4241 κακὸν
819 4177 906 4259 μέγα·

252 4284 380 4344 λυποῦσι
394 4276 446 4344 τδν
462 4281 614 4360 φύσαντα,
630 4280 670 4358 μὴ
685 4280 805 4344 πάθωσί
817 4306 856 4344 τι.
