2850 4898
620 281 767 345 NO'l‘AE.
1158 285 1244 351 1017

142 451 204 516 alio
216 450 369 516 vocabulo
384 473 460 513 usus
473 464 519 513 est
534 448 705 534 Euripides
720 471 821 535 neque
833 448 985 536 corripuit
996 448 1243 539 diphthongum,

143 552 197 617 sed
212 553 327 617 παλεὸν
343 551 475 638 scripsit.
510 552 549 613 In
573 573 667 636 quam
691 574 754 614 rem
782 551 882 615 tribus
906 551 1025 615 utimur
1040 552 1245 622 documentis.

146 656 190 719 Ac
210 655 347 741 primurn
370 654 497 740 quidem
521 676 559 716 ex
584 652 767 718 Herodiano
787 653 934 740 petimus,
949 654 1005 741 qui
1024 654 1056 719 in
1079 655 1158 721 libro
1177 661 1245 741 περὶ

142 756 286 838 μονήρους
307 754 416 834 λέξεως
442 778 473 842 ρ.
487 777 519 835 4,
537 760 586 818 18.
615 754 670 819 ubi
695 756 735 820 de
756 772 885 821 accentu
909 757 1070 821 nominum
1097 757 1128 820 in
1155 768 1245 830 αλεος

142 858 324 924 exeuntium
340 858 416 943 agit,
433 857 476 923 ita
490 856 608 936 scribit,
636 860 684 922 ἐπὶ
700 862 758 940 γὰρ
777 863 830 921 τοῦ
843 858 948 926 τέλους
962 857 1113 938 λαμβάνει
1128 862 1175 924 καὶ
1190 862 1244 941 τὴν

143 963 254 1041 ὀξεῖαν,
269 964 307 1029 ὡς
324 962 388 1045 ἔχει
406 961 440 1024 τὸ
460 960 580 1043 γαλεὸς,
598 961 697 1034 ἀλεὸς,
712 960 841 1027 παλεὸςι
859 983 948 1023 nam
965 960 1009 1024 ita
1022 951 1129 1048 aperte
1148 963 1244 1028 corri-

141 1063 246 1149 genda
264 1064 418 1150 scriptura
436 1062 551 1126 codicis
568 1062 705 1139 παλαιὸς,
722 1085 794 1148 quae
813 1062 871 1126 boc
890 1062 1017 1148 quidem
1037 1062 1070 1126 in
1092 1063 1159 1128 loco
1180 1087 1243 1129 non

143 1165 246 1228 minus
269 1164 377 1229 vitiosa
401 1180 447 1228 est
470 1186 564 1251 quarn
586 1163 791 1228 Taurinensis
811 1163 881 1227 libri
896 1164 1020 1246 γαλαιὸς
1042 1187 1100 1251 pro
1122 1167 1241 1248 γαλεός.

143 1267 268 1331 Deinde
281 1267 312 1330 in
324 1266 488 1354 Sophoclis
498 1266 652 1352 Orithyiae
667 1268 843 1355 fragmento
854 1271 931 1352 655.
947 1269 1044 1355 (apud
1058 1270 1242 1334 Strabonem

143 1369 222 1434 VII.
240 1393 270 1455 p.
283 1371 370 1453 295.)
389 1367 504 1455 legitur

314 1485 407 1568 Ὕπίρ
421 1512 454 1550 τε
469 1486 581 1549 πόντον
595 1482 680 1548 πάντ’
697 1485 743 1547 ἐπ’
759 1483 875 1567 ἔσχατα
890 1484 1000 1567 χθονὸς

316 1588 419 1654 νυκτός
432 1613 466 1650 τε
479 1588 576 1668 πηγὰς
590 1586 717 1667 οὐρανοῦ
731 1582 755 1648 τ’
771 1586 942 1668 ἆναπτυχᾶς

315 1690 432 1768 Φοίβου
447 1714 480 1752 τε
494 1688 626 1752 παλαιὸν
643 1692 788 1767 κῆτον-.

143 1806 173 1855 et
187 1791 273 1878 apud
289 1790 533 1877 Aristophanem
549 1788 580 1851 in
597 1787 727 1875 Lysistr.
744 1810 774 1850 v.
785 1788 859 1870 988.

313 1893 370 1957 ὑπὸ
386 1897 437 1972 τῆς
451 1895 530 1955 ὁδοῦ.
553 1893 683 1972 παλαιόρ
697 1917 737 1973 γα
753 1891 801 1953 ναὶ
815 1890 868 1954 τὸν
882 1891 1032 1974 Κάστορα.

143 1993 230 2072 Quos
255 2009 399 2081 apertum
422 2008 470 2057 cst
491 1992 608 2078 pariter
629 1991 744 2055 dixisse
766 1992 881 2056 παλεὸν
903 2008 934 2057 et
956 1997 1080 2076 παλεόρ.
1106 1995 1242 2082 legitque

142 2096 254 2164 παλεὸς
268 2097 298 2159 in
315 2094 537 2183 Aristophanis
553 2118 641 2159 versu
659 2093 832 2159 scholiasta.

540 2282 840 2345 BACCHARUM

143 2401 182 2463 V.
206 2417 237 2481 7.
271 2401 318 2463 καί
345 2402 442 2479 δόμων
474 2401 589 2480 ἐρείπια
608 2401 615 2486 l
633 2396 788 2481 τυφόμενα
819 2400 882 2461 δίου
912 2397 937 2460 τ’
961 2403 1004 2463 ἔτι
1026 2403 1115 2483 πυρὸς
1143 2410 1241 2480 ζῶσαν

142 2499 261 2589 φλόγα]
279 2502 362 2564 Haec
384 2500 547 2587 scriptura,
572 2524 644 2586 quae
667 2499 798 2563 Porsoni
820 2500 1006 2585 conjecturae
1029 2501 1171 2582 debetur,
1201 2530 1241 2570 ex

143 2602 292 2666 Matthiae
307 2601 442 2667 editione
457 2603 487 2665 in
505 2616 641 2667 nostram
658 2602 787 2666 transiit.
836 2602 896 2666 Sed
917 2627 1015 2690 quum
1036 2603 1066 2668 iu
1083 2607 1241 2673 codicibus

142 2704 291 2791 scriptum
308 2705 348 2769 sit
366 2706 428 2770 δίου
446 2731 479 2769 τε
499 2704 589 2786 πυρὸς
612 2705 665 2778 ἔτι,
681 2704 767 2792 apud
784 2705 989 2769 Plutarchum
1004 2721 1109 2771 autern
1125 2709 1155 2771 in
1178 2709 1242 2776 vita

144 2805 265 2870 Solonis
276 2830 307 2893 p.
323 2825 364 2890 79
379 2830 409 2870 a.
438 2809 519 2870 ἀλλὰ
534 2805 711 2886 παρέμεινεν
727 2807 826 2869 ἐκεῖνα
840 2810 877 2870 τὰ
891 2807 987 2871 δίκαια
1003 2809 1051 2871 καὶ
1065 2813 1239 2892 παρεφύλα-

142 2913 175 2986 ξε
189 2907 358 2989 τυφομένην
376 2912 467 2989 topos
487 2908 577 2989 πυρὸς
600 2908 643 2971 ἔτι
663 2914 760 2983 ζῶσαν
779 2905 882 2989 φλόγα
903 2908 957 2987 τὴν
972 2911 1111 2990 ἐρωτικὴν
1124 2912 1241 2993 μνήμην

143 3009 191 3072 καὶ
204 3008 303 3092 χόριν,
324 3033 435 3097 parum
456 3007 630 3073 verisimilis
651 3022 697 3071 est
720 3008 885 3071 verborum
909 3008 969 3072 ista
991 3012 1188 3098 transpositio
1209 3030 1241 3079 et

141 3109 242 3175 multo
257 3111 449 3198 probabilius
471 3137 504 3175 τε
526 3134 590 3174 esse
605 3109 786 3186 delendum,
802 3110 887 3196 quod
903 3109 933 3172 in
951 3112 1090 3176 Barnesii
1105 3113 1241 3182 editione

141 3235 194 3276 seu
215 3236 287 3277 casu
309 3237 362 3277 seu
385 3211 512 3278 consilio
533 3214 650 3276 factum
673 3227 729 3276 est.
775 3214 889 3298 Itaque
904 3226 973 3298 post
988 3212 1142 3296 τυφόμενα
1155 3242 1239 3282 com.

141 3329 223 3378 mate
247 3315 517 3403 distinguendum,
542 3315 596 3378 illa
620 3331 723 3378 autem
755 3318 818 3378 δίου
840 3315 930 3397 τυρὸς
953 3315 996 3379 ἔτι
1017 3323 1115 3391 ζῶσαν
1137 3320 1241 3403 φλόγα

141 3417 327 3503 praecedenti
351 3418 513 3482 sententias
535 3416 643 3480 eadem
673 3416 901 3480 constructione
928 3432 1000 3481 sunt
1029 3418 1151 3506 adjecta
1177 3447 1241 3509 qua

140 3519 284 3606 proxima
301 3520 393 3584 verba
409 3519 558 3583 ἆθόνατον
568 3516 667 3599 Ἥρας
680 3516 779 3599 μητέρ’
796 3521 837 3584 είς
852 3519 924 3596 ἐμὴν
938 3521 1036 3600 ὕβριν.

184 3622 225 3686 V.
244 3639 313 3708 115.
337 3621 521 3709 Legebatur
540 3623 622 3687 ὅστις
643 3623 727 3702 ἄγεις
752 3619 822 3683 libri
842 3618 948 3705 scripti
968 3621 1089 3710 antiqui
1109 3624 1151 3686 ὅτ’
1172 3627 1239 3708 όγη,

142 3725 226 3789 unde
257 3728 330 3790 όταν
359 3727 417 3806 ἄγῃ
446 3722 656 3798 scribendum,
679 3721 766 3807 quod
789 3721 869 3784 male
891 3744 1071 3808 expressum
1098 3741 1144 3789 est
1168 3730 1241 3792 όταν

141 3827 250 3909 tran·
1287 3903 1289 3906 ,

184 3930 223 3992 V.
238 3930 307 3993 126.
330 3927 454 4011 βόκχια,
470 3927 555 4013 quod
572 3927 734 3991 emendate
749 3925 779 3989 in
795 3926 901 3991 codice
917 3927 1069 4006 Parisino,
1094 3949 1240 4020 corrupte

140 4030 171 4094 in
192 4029 381 4094 editionibus
401 4029 558 4094 veteribus
579 4030 710 4112 βακχεία
732 4028 957 4112 scriptumest,
977 4029 1142 4098 dubitatur
1163 4059 1241 4122 quo-

141 4132 234 4197 modo
249 4132 289 4196 sit
306 4131 586 4219 interpretandum.
611 4131 694 4195 Mihi
712 4144 747 4194 ut
762 4132 826 4194 εὕια
840 4129 959 4195 dictum
975 4131 1100 4198 videtur
1120 4160 1149 4200 v.
1168 4157 1240 4222 157.

141 4235 258 4300 Vitiose
283 4235 367 4319 apud
394 4233 577 4297 Strabonem
605 4235 654 4297 X.
683 4256 713 4319 p.
734 4250 807 4315 470.
839 4232 908 4297 libri
932 4233 984 4297 alii
1006 4242 1137 4320 βακχεῖα
1159 4263 1240 4326 prae.
