2850 4898
530 308 876 370 ΑΠΟΣΠΑΣΜΑΤΙΑ.

242 469 261 551 ᾖ
277 477 378 554 πρῶτα
392 473 448 550 μὲν
463 472 539 538 λεὼς
554 472 606 535 οὐκ
622 471 748 538 ἐπακτὸς
762 473 905 546 ἄλλοθεν,

244 575 424 657 αὐτόχθονες
438 571 462 636 δ’
479 573 604 655 ἔφυμεν·
633 576 664 637 αἱ
680 572 704 638 δ’
721 576 813 638 ἄλλαι
827 576 939 648 πόλεις,

243 683 366 740 πεσσῶν
382 678 489 755 ὁμοίως
504 680 659 757 διαφοραῖς
674 676 854 756 έκτισμέναι,

244 781 337 843 ἄλλαι
351 779 420 859 παρ’
435 780 539 842 ἄλλον
554 779 632 843 είσὶν
647 781 854 862 εἰσαγώγιμοι.

243 883 325 949 ὅστις
340 879 364 944 δ’
381 879 430 945 ἄπ’
446 881 541 960 ἄλλης
555 881 665 948 πόλεος
679 883 778 958 οἰκίζει
792 884 892 957 πόλιν,

243 983 334 1066 ἁρμὸς
347 982 475 1065 πονηρὸς
489 980 590 1065 ὥσπερ
606 985 640 1048 έν
654 986 732 1071 ξύλιρ
748 986 863 1067 παγεὶς,

242 1089 324 1174 λόγῳ
339 1088 462 1166 πολίτης
476 1087 551 1159 έστὶ,
567 1092 628 1154 τοῖς
642 1085 666 1150 δ’
684 1087 818 1169 ἔργοισιν
832 1090 876 1152 ού.

244 1191 346 1254 ἔπειτα
357 1188 447 1252 τέκνα
460 1187 537 1252 τοῦδ’
555 1190 636 1253 ἕκατι
650 1190 797 1269 τίκτομεν,

244 1293 282 1360 ὣς
297 1297 373 1357 θεῶν
387 1317 421 1355 τε
435 1292 554 1372 βωμοὺς
566 1293 693 1373 πατρίδα
706 1316 739 1355 τε
752 1292 899 1374 ῥυόμεθα.

242 1397 359 1462 πόλεως
373 1396 398 1458 δ’
412 1394 529 1474 άπάσης
543 1392 661 1474 τοῦνομ’
678 1394 722 1470 ἓν,
738 1395 849 1459 πολλοὶ
863 1394 897 1458 δέ
911 1419 958 1458 νιν

245 1498 371 1562 ναίουσι·
395 1498 515 1564 τούτους
528 1503 589 1564 πῶς
603 1499 773 1579 διαφθεῖραί
784 1523 822 1578 με
834 1497 902 1581 χρή,

244 1600 313 1679 ἐξὸν
327 1598 384 1681 πρδ
399 1598 520 1663 πάντων
534 1601 605 1679 μίαν
618 1602 795 1680 ὑπερδοῦναι
810 1604 913 1664 θανεῖν
925 1628 932 1673 ;

245 1705 327 1784 εἴπερ
342 1704 401 1784 γὰρ
416 1701 541 1781 ἄριθμδν
555 1701 621 1766 οἶδα
637 1702 685 1766 καὶ
699 1702 905 1769 τούλάσσονος

244 1805 278 1868 τὸ
292 1810 401 1885 μεῖζον,
418 1803 507 1883 ούμδς
521 1803 600 1871 οἶκος
615 1805 650 1867 ού
664 1809 771 1868 πλεῖον
782 1803 883 1869 σθένει

244 1908 372 1973 πταίσας
387 1905 504 1985 ἁπάσης
518 1907 628 1973 πόλεος
642 1904 701 1970 οὐδ’
717 1909 786 1971 ἴσον
801 1906 897 1989 φέρει.

246 2011 273 2074 εί
286 2008 310 2073 δ’
326 2009 364 2088 ήν
379 2010 413 2072 έν
428 2011 518 2076 οἴκοις
533 2009 599 2073 ἀντὶ
613 2008 729 2088 θηλέων
745 2008 858 2093 στάχυς

245 2113 352 2194 ἄρσην,
366 2114 456 2175 πόλιν
471 2113 504 2174 δὲ
518 2112 648 2191 πολεμία
663 2118 781 2195 κατεῖχε
797 2111 886 2194 φλὸξ,

245 2215 298 2277 οὐκ
312 2215 351 2278 ἄν
367 2239 414 2278 νιν
429 2212 595 2293 ἐξέπεμπον
609 2217 651 2280 είς
664 2214 764 2297 μάχην
778 2214 864 2297 δορὸς

246 2315 375 2381 θάνατον
390 2314 588 2398 προταρβοθσ’
603 2343 611 2389 ;
635 2314 703 2380 ἄλλ’
720 2318 789 2395 έμοί
800 2314 828 2398 γ’
845 2319 890 2397 εἴη
903 2316 1002 2391 τέκνα,

246 2416 266 2482 ἄ
282 2419 330 2482 καὶ
344 2417 470 2500 μάχοιτο
486 2418 534 2480 καὶ
547 2415 610 2497 μετ’
625 2417 769 2499 ἀνδράσιν
783 2417 901 2500 πρέποι,

245 2520 285 2600 μή
300 2519 426 2604 σχήματ’
442 2522 542 2586 ἄλλως
557 2521 591 2583 έν
605 2522 694 2585 πόλει
707 2523 870 2603 πεφυκότα.

245 2627 283 2688 τὰ
296 2622 429 2704 μητέρων
444 2625 476 2686 δὲ
490 2621 589 2705 δάκρυ’
605 2624 679 2687 ὅταν
692 2622 791 2703 πέμπῃ
806 2623 908 2704 τέκνα,

246 2725 377 2791 πολλοὺς
393 2723 508 2803 ἐθήλυν’
522 2726 563 2792 είς
576 2724 676 2808 μάχην
690 2725 887 2807 ὁρμωμένους.

245 2833 323 2907 μισῶ
337 2833 486 2909 γυναῖκας,
504 2829 612 2894 αἵτινες
626 2827 683 2908 πρδ
698 2833 752 2892 τοῦ
767 2833 860 2892 καλοῦ

247 2932 365 2994 εἵλοντο
379 2935 486 2996 παῖδας
497 2930 543 2993 καὶ
558 2928 731 3012 παρήνεσαν
747 2931 831 2995 κακά.
995 3001 997 3004 ⁴

248 3035 367 3113 καὶμὴν
383 3035 524 3100 θανόντες
537 3033 566 3115 γ’
583 3035 616 3097 έν
630 3032 711 3117 μάχη
725 3040 849 3098 πολλῶν
863 3033 938 3113 μέτα

247 3138 362 3216 τύμβον
375 3161 408 3199 τε
425 3135 524 3199 κοινδν
540 3137 653 3219 ἔλαχον
670 3136 807 3200 εὔκλειάν
822 3135 847 3198 τ’
862 3141 942 3216 ίσην.

247 3240 321 3318 τήμῐη
336 3240 368 3301 δὲ
383 3240 465 3301 παιδὶ
478 3238 628 3321 στέφανος
644 3240 685 3307 είς
698 3243 750 3322 μιᾷ
765 3242 841 3320 μόνη

247 3345 363 3408 πόλεως
377 3344 509 3421 θανούσῃ
524 3341 605 3420 τῆσδ’
621 3344 694 3424 θπερ
710 3341 877 3421 δοθήσεται,

249 3445 296 3507 καὶ
310 3444 363 3523 τὴν
377 3448 523 3508 τεκοῦσαν
538 3445 586 3507 καὶ
600 3447 636 3507 σὲ
652 3446 703 3509 δύο
719 3444 744 3509 θ’
760 3443 918 3528 δμοσπόρω

249 3551 351 3612 σώσει·
375 3549 406 3611 τί
417 3550 529 3612 τούτων
543 3549 611 3631 οὐχὶ
626 3548 767 3626 δέξασθαι
782 3547 875 3612 καλόν
888 3576 896 3622 3

248 3652 302 3730 τήν
316 3650 369 3714 αύκ
385 3650 475 3729 ἐμήν*
490 3650 570 3729 πλὴν
585 3653 676 3733 φύσει
691 3653 776 3714 δύσω
792 3649 880 3732 κόρην

249 3759 337 3817 θῦσαι
351 3752 409 3835 πρὸ
424 3752 521 3834 γαίας.
545 3756 572 3818 εί
585 3757 643 3836 γάρ
658 3753 846 3835 αἱρεθήσεται

249 3854 346 3934 πόλις,
362 3857 394 3919 τί
405 3857 517 3919 παίδων
531 3861 591 3920 τῶν
607 3859 684 3935 έμῶν
697 3855 822 3935 μέτεστί
833 3881 902 3935 μοι;

250 3959 357 4023 οὐκοῦν
372 3955 490 4022 ἅπαντα
504 3962 578 4040 γοῦν
593 3959 658 4038 ἐμοὶ
672 3957 851 4036 σωθήσεται·

250 4063 390 4144 ἄρξουσιν
405 4062 504 4134 ἄλλοι,
517 4060 594 4140 τήνδ’
613 4062 671 4142 ἐγὼ
684 4062 773 4124 σάσοι
787 4057 886 4122 πόλιν.

251 4164 346 4225 έκεῖνο
362 4160 398 4236 δ’,
415 4163 449 4226 οδ
463 4162 497 4225 τὸ
512 4168 657 4226 πλεῖστον
673 4165 706 4225 ἐν
722 4166 809 4247 κοινῷ
822 4159 919 4241 μέρος,

250 4266 302 4329 οὐκ
314 4265 380 4330 ἔσθ’
397 4267 520 4347 ἑκούσης
534 4270 584 4344 τῆς
599 4269 668 4346 ἐμῆς
681 4270 783 4349 φυχῆς
796 4267 867 4348 ἄτερ
881 4267 969 4348 (ἄνερ
985 4262 1102 4346 Valck.)
