2850 4898
158 284 224 350 872
602 287 829 347 ΕΥΡΙΠΙΔΟΥ

698 455 718 516 6

200 558 334 617 Stobaeus
346 556 455 615 ibidem
471 576 500 632 p.
513 555 583 633 498.

243 652 299 716 Ἐν
312 659 374 719 τοῖς
387 651 501 719 τέκνοις
515 655 573 735 γὰρ
587 653 676 735 ἁρετὴ
690 658 749 719 τῶν
761 654 892 735 εὐγενῶν

244 756 278 819 iv
293 755 389 834 ἔλαβε
405 756 553 834 κρείσσων
567 754 591 817 τ’
608 757 674 820 ἐστὶ
688 759 835 822 πλουσίου
849 755 954 839 γόμον.

199 962 334 1021 Stobaeus
346 961 373 1020 8.
387 982 415 1039 p.
429 977 478 1037 97.
697 891 713 957 7

242 1056 281 1123 ‘0
297 1056 320 1123 δ’
336 1059 405 1137 ἡδὺς
419 1060 492 1122 αἰὼν
506 1059 525 1137 ἡ
541 1057 613 1138 κακή
627 1057 651 1122 τ’
668 1060 812 1141 ἀνανδρία

245 1160 305 1226 οὔτ’
321 1161 405 1226 οἶκον
419 1163 488 1227 οὔτε
501 1165 593 1227 πόλιν
607 1164 808 1244 ἆνορθῶσειεν
820 1163 869 1227 ἄν.

198 1395 521 1472 mmai-354·
700 1308 718 1370 8

243 1492 379 1555 Νεανίαν
393 1492 451 1572 γὰρ
467 1492 560 1571 ἄνδρα
573 1490 632 1574 χρὴ
645 1495 761 1570 τολμῶν
776 1492 833 1554 ἀεί·

243 1593 338 1659 οὐδεὶς
353 1595 411 1674 γὰρ
426 1591 467 1656 ῶν
480 1592 610 1676 ῥᾴθυμος
625 1593 747 1672 εὐκλεὴς
761 1593 846 1674 ἀνὴρ,

243 1694 311 1759 ἀλλ’
324 1697 353 1760 οἱ
367 1697 455 1759 πόνοι
469 1697 599 1759 τίκτουσι
613 1695 667 1774 τὴν
682 1696 826 1775 εὐδοξίαν.

198 1902 333 1961 Stobaeus
347 1920 396 1978 49.
412 1922 440 1981 p.
450 1921 466 1977 3
472 1919 488 1977 5
492 1916 520 1978 5.
697 1834 716 1897 9

673 1995 747 2077 Ἐμὲ
762 1994 786 2060 δ’
802 1995 847 2079 ἄρ’
863 1997 899 2060 οὗ

242 2105 368 2184 μοχθεῖν
384 2101 516 2172 δίκαιον;
540 2099 584 2165 τίς
599 2096 623 2161 δ’
639 2099 770 2182 ἆμοχθος
785 2097 926 2178 εὖκλεής;

238 2205 282 2270 τίς
296 2208 355 2267 τῶν
369 2204 520 2285 μεγίστων
536 2201 634 2268 δειλὸς
648 2199 690 2266 ῶν
705 2202 834 2284 ὠρέξατο
847 2230 855 2274 ;

198 2435 334 2494 Stobaeus
351 2452 399 2509 ²9·
414 2454 444 2511 p.
459 2452 524 2509 199.
696 2364 733 2408 ¹0

243 2531 308 2595 Οὐκ
319 2529 402 2594 ἔστιν
418 2532 500 2597 ὅστις
514 2528 606 2609 ἡδέως
620 2534 712 2608 ζητῶν
726 2530 816 2608 βιοῦν

242 2635 380 2697 εὔκλειαν
395 2630 590 2711 είσεκτήσατ’,
605 2633 687 2695 ἀλλὰ
700 2631 758 2713 χρὴ
773 2635 887 2694 πονεῖν.

693 2771 705 2813 l
716 2769 728 2813 1

197 2839 332 2898 Stobaeus
346 2839 454 2898 ibidem
464 2860 493 2917 p.
507 2839 574 2915 198.

243 2938 297 3001 Σοὶ
312 2936 336 3001 δ’
353 2937 448 3010 εἶπον,
464 2934 487 3000 (i
502 2943 565 3011 παῖ,
582 2938 634 3003 τὰς
648 2937 741 3019 τύχας
756 2936 789 2998 ἑκ
803 2938 863 2997 τῶν
876 2933 978 2996 πόνον

244 3044 347 3121 θηρῶν·
371 3043 426 3124 ὁρᾷ
442 3043 500 3122 γὰρ
516 3039 573 3103 σὸν
587 3038 702 3120 πατέρα
716 3037 890 3116 τιμώμενον.

697 3173 733 3219 12

198 3247 331 3305 Stobaeus
347 3264 393 3321 29.
409 3266 438 3322 p.
451 3265 519 3304 200.

245 3343 306 3406 Σὺν
320 3344 450 3423 μυρίοισι
461 3345 499 3405 τὰ
514 3343 592 3405 καλὰ
607 3342 742 3422 γίγνεται
756 3340 867 3404 πόνοις.

689 3477 725 3541 ¹3

200 3548 334 3607 Stobaeus
349 3567 399 3625 52.
415 3569 443 3624 p.
456 3548 527 3622 360.

545 3641 674 3723 Ὀλίγον
691 3642 819 3719 ἄλκιμον
833 3640 902 3719 δόρυ

246 3751 387 3827 κρεῖσσον
402 3748 570 3828 στρατηγοῦ
585 3746 689 3825 μυρίον
704 3743 933 3824 στρατεύματος.

200 3976 335 4035 Stobaeus
348 3995 398 4052 49.
413 3996 443 4052 p.
453 3994 469 4051 3
475 3990 491 4050 5
496 3992 525 4051 5.
694 3906 734 3966 14

243 4069 365 4152 Ὀλίγοι
379 4073 437 4152 γὰρ
452 4070 558 4134 ἐσθλοὶ
573 4071 747 4150 κρείσσονες
760 4071 885 4131 πολλῶν
901 4071 1006 4128 κακῶν.

199 4277 333 4336 Stobaeus
347 4292 397 4351 52.
409 4295 438 4352 p.
450 4276 518 4350 360.
530 4275 578 4334 86.
593 4296 623 4352 p.
634 4208 732 4351 497i5
