2844 4882
425 281 768 342 ΑΠΟΣΠΑΣΜΑΤΙΑ.
1148 279 1213 348 897

112 454 144 507 τὸ
157 456 273 526 πληροῦν
288 453 482 526 (ἀποπληροῦν)
498 453 563 507 αὐτὰ
575 455 658 508 ποιεῖν
671 455 753 508 ταῦτα
772 453 897 508 κινεῖσθαι
915 454 956 508 καὶ
976 453 1149 527 φθέγγεσθαι.
1172 451 1213 508 ὅτι

113 551 142 605 δὲ
155 552 262 606 ε’κινεῖτο
276 553 318 606 καὶ
330 548 414 625 προίει
428 552 517 623 φωνην
530 551 608 608 αὐτάς
621 573 651 605 τε
664 551 804 624 Εὐριπίδης
817 551 845 606 ε’ν
861 552 993 624 Εὐρυσθεῖ
1004 552 1076 625 λέγει

200 646 264 710 Οὐκ
280 645 373 723 ἔστιν,
388 643 411 708 ὦ
426 646 538 727 γεραιὲ,
554 645 594 725 μὴ
609 647 709 725 δείσῃς
722 644 802 709 τάδε·

200 751 237 812 τὰ
252 747 419 812 Δαιδάλεια
429 746 528 811 πάντα
543 753 689 811 κινεῖσθαι
703 752 786 811 δοκεῖ

200 850 310 931 βλέπει
324 848 348 913 τ’
365 849 513 930 ἀγάλμαθ’
518 872 526 889 ·
551 848 599 915 ὧδ’
615 850 690 932 ἀνὴρ
706 856 800 917 κεῖνος
814 851 921 931 σοφός.

113 957 212 1015 Tzetz.
228 954 351 1012 chiliad.
367 956 392 1021 1,
408 956 477 1030 518.
499 955 660 1014 secundum
676 969 706 1014 et
720 956 839 1013 tertium
853 973 971 1013 versum
990 954 1083 1021 affert,
1099 954 1213 1013 Platoni

114 1054 228 1111 comico
243 1071 294 1110 eos
307 1054 447 1111 tribuens.

154 1252 313 1310 Athenaeus
327 1250 382 1308 XI.
398 1271 428 1328 p.
439 1257 499 1329 498
515 1274 540 1313 e.
555 1169 695 1330 Εὐριπίύ9ης
708 1253 731 1310 δ’
745 1254 875 1327 Εὐρυσθεῖ
887 1253 1027 1326 ἀρσενικῶς
1039 1253 1090 1324 ἔφη
1107 1258 1126 1281 “
1139 1250 1212 1312 Σκά-

116 1362 136 1384 “
152 1361 210 1433 φας
224 1378 257 1416 τε
271 1352 412 1435 μακρός.”
435 1358 513 1415 Hinc
528 1357 662 1415 Eustath.
677 1376 705 1432 p.
726 1370 779 1431 177
784 1374 811 1431 5,
831 1373 876 1430 19.

156 1557 258 1634 Steph.
274 1560 345 1635 Byz.
357 1580 384 1616 v.
394 1561 605 1635 Τάρταρος-’0
619 1492 728 1636 αῖιίίηῖωρ
740 1563 891 1635 Ταρτάριος,
904 1563 944 1616 καὶ
955 1562 997 1616 διὰ
1008 1562 1053 1630 τῆς
1066 1561 1089 1615 εί
1102 1561 1213 1632 διφθάγ-

115 1678 164 1729 γου
178 1658 316 1730 Εὐριπίδης
328 1659 355 1713 ε’ν
367 1659 497 1733 Εὐρυσθεῖ
508 1662 646 1733 σατυρικῷ.

576 1889 754 1949 ΘΗΣΕΥΣ.

659 2025 672 2067 Ῑ

162 2092 259 2150 Schol.
275 2091 362 2149 Arist.
377 2092 450 2148 Rau.
465 2092 535 2166 476.
555 2093 586 2147 ‘0
600 2096 680 2150 τύπος
693 2093 770 2150 οὗτος
780 2095 849 2166 παρὰ
862 2095 895 2148 τὰ
908 2093 936 2147 ε’ν
950 2096 1034 2162 θησεῖ
1047 2094 1187 2166 Εὐριπίδου

202 2187 287 2269 Κάρα
302 2212 335 2250 τε
350 2185 408 2268 γάρ
424 2213 480 2251 σου
492 2193 611 2270 ουγχεῶ
627 2189 729 2268 κόμαις
743 2190 825 2268 ὁμοῦ·

202 2291 281 2370 ῥανῶ
296 2314 328 2352 τε
343 2287 445 2352 τεδόσ’
463 2288 645 2371 ἐγκέφαλον,
662 2289 801 2370 ὀμμάτων
816 2288 840 2353 δ’
857 2290 915 2353 άπα

204 2393 384 2473 αἱμοσταγεῖ
393 2395 542 2473 τρηστῆρε
556 2394 715 2474 ῥεύσονται
730 2391 816 2456 κάτω.

657 2529 675 2574 2

157 2596 256 2655 Schol.
271 2598 360 2656 Arist.
376 2599 452 2657 Ran.
467 2600 539 2673 478.
560 2601 692 2673 Ταρτησία
712 2599 840 2674 μύραινατ
863 2598 972 2671 μύραινα
991 2600 1087 2672 δαίμων
1101 2603 1214 2675 φοβερά,

116 2698 186 2770 παρὰ
198 2699 228 2752 τά
242 2696 380 2770 μύρεσθαι.
401 2698 471 2770 παρὰ
485 2699 517 2752 τά
531 2699 558 2752 ε’ν
572 2701 655 2767 Θησεῖ
669 2699 818 2771 Εὐριπίδου.
834 2708 864 2754 et
878 2697 965 2772 paulo
979 2709 1054 2773 post,
1070 2700 1128 2754 ἔστι
1142 2701 1171 2755 δὲ
1184 2702 1217 2755 τά

117 2796 144 2849 ε’ν
158 2797 243 2863 θησεῖ
254 2796 410 2865 πεποιημένα
423 2795 561 2868 Εὐριπίδη.
582 2796 634 2849 ε’κεῖ
646 2796 697 2869 γὰρ
716 2798 833 2852 τοιοῦτός
849 2797 922 2850 ε’στιν
944 2796 1093 2869 Εὐριπίδης,
1107 2794 1162 2855 αίας
1175 2799 1215 2852 ε’ν-

116 2892 198 2946 ταῦθα
220 2890 326 2959 παίζων.
361 2889 472 2948 Versus
500 2902 568 2948 sunt
592 2891 795 2967 An'stophanis
822 2907 893 2965 470.
923 2911 987 2968 sqq.
1015 2910 1049 2949 ex
1078 2892 1216 2969 Euripide

117 2987 237 3063 sumpti.

159 3184 259 3244 Schol.
273 3185 363 3243 Arist.
378 3185 468 3261 Vesp.
484 3204 551 3260 312.
575 3190 721 3263 Πράγματα
736 3191 856 3244 νάσκεινε
878 3191 893 3242 ά
907 3192 989 3262 λόγος
1002 3190 1030 3244 εἰς
1044 3191 1151 3259 Θησέως
1164 3191 1215 3245 Εὐ-

117 3285 230 3359 ριπίδου.
252 3286 304 3340 ε’κεῖ
318 3286 460 3357 γάρτοῦτο
473 3287 598 3359 λέγουσιν
612 3289 637 3341 οί
653 3289 804 3357 ταττόμενοι
820 3287 910 3344 παῖδες
928 3287 965 3344 εἷς
981 3287 1065 3360 βοράν
1080 3290 1118 3361 τῷ
1131 3295 1216 3340 Μινο-

118 3380 255 3456 κενταύρφ.
276 3383 307 3435 τὸ
322 3381 351 3436 δὲ
365 3383 424 3452 ἔξης
437 3383 478 3447 τὸ,
492 3382 629 3452 Ἀνάνητον
642 3383 701 3455 ἄρα,
714 3383 894 3440 Ἱππάλυταςά
907 3384 992 3456 λέγων
1005 3384 1057 3438 εἰιεῖ

202 3473 368 3554 Ἀνάνητον
382 3475 514 3556 ἄγαλμα,
530 3475 633 3558 πάτερ,

204 3579 312 3641 οἴκοισι
325 3579 429 3641 τεκών.

117 3680 205 3751 Quod
218 3683 313 3759 primo
327 3683 393 3741 loco
408 3702 475 3741 cum
489 3684 602 3743 Theseo
617 3696 811 3761 comparatur,
820 3684 937 3744 videtur
946 3685 1094 3760 pertinere
1105 3685 1142 3743 ad
1152 3704 1215 3743 ver·

118 3798 182 3837 sum
198 3797 233 3853 31
243 3797 269 3838 1.

202 3876 244 3939 Τί
254 3899 292 3954 με
307 3876 378 3954 δῆτ’,
395 3873 418 3938 ὦ
432 3874 528 3955 μελία
541 3881 641 3957 μῆτερ,
658 3876 777 3944 ἔτικτες.

157 4080 328 4139 Plutarchus
342 4082 449 4140 Moral.
465 4101 493 4158 p.
513 4100 567 4140 112
584 4083 612 4142 d.
650 4016 779 4141 galenus
793 4084 851 4140 vol.
865 4083 904 4145 V.
920 4102 949 4159 p.
964 4084 1033 4158 418.
1055 4084 1102 4143 ed.
1118 4084 1215 4143 Kiihn.

115 4178 146 4235 ¹0
160 4180 230 4252 παρὰ
242 4185 280 4255 τῷ
293 4181 420 4254 Εὐριπίδη
435 4182 663 4253 Θησεὺς-φησίν

201 4270 283 4354 ’Esto
298 4277 331 4338 δὲ
346 4279 432 4338 τοῦτο
447 4278 528 4354 παρὰ
543 4279 643 4357 σοφοῦ
657 4275 737 4341 τινὸς
750 4276 854 4353 μαθὼν
