2850 4898
207 290 293 353 1018
681 284 837 348 NOTAE.

207 459 293 537 bent,
307 457 359 522 alii
373 459 519 542 βακχείῳ,
543 455 631 543 quod
653 455 771 519 librarii
793 470 922 543 propter
944 455 1079 519 vicinum
1100 453 1234 541 συντόνῳ
1253 477 1309 542 po-

208 575 352 626 suerunt.

251 663 293 725 V.
304 663 380 746 636.
401 662 516 743 ἥσυχος
538 657 562 723 δ’
587 661 679 738 ἐκβὰς
702 659 761 741 ayt
780 656 786 745 Ι
805 657 947 737 δωμάτων
967 659 1027 737 ἥκω
1049 657 1229 742 asphaltitis]
1259 660 1312 722 Ita

209 763 344 829 Bothius
368 759 547 827 emendavit
568 759 708 824 vitiosam
737 758 899 822 lectionem
924 758 1074 822 librorum
1095 760 1208 842 ἥσυχος
1229 758 1253 822 δ’
1277 761 1311 823 ἐκ

207 867 325 951 βάκχας
347 868 429 948 άγων
450 863 602 943 δωμάτων.
647 865 755 941 Quum
778 861 923 926 librarius
942 885 1045 926 errore
1062 863 1093 925 in
1109 862 1167 926 hac
1182 862 1310 948 quidem

210 969 404 1034 Baccharum
425 965 534 1031 fabula
553 964 627 1029 satis
644 964 813 1028 excusabili
834 966 983 1048 ἓκβάκχας
997 987 1056 1051 pro
1072 967 1162 1045 ἐκβὰς
1176 964 1312 1051 scripsis-

208 1086 266 1150 set,
281 1069 481 1157 postmodum
504 1070 563 1151 tyn
583 1067 614 1130 in
630 1070 712 1150 ἄγων
732 1066 793 1130 fuit
815 1081 983 1145 mutatum,
999 1067 1143 1153 quamvis
1166 1067 1240 1130 nihil
1260 1066 1311 1132 hic

209 1174 358 1260 estquod
372 1195 475 1238 secum
492 1172 587 1236 ducat
602 1171 772 1258 Dionysus

253 1277 292 1342 V.
308 1277 381 1359 981.
405 1278 482 1339 Post
502 1273 653 1354 μαινάδων
673 1273 790 1338 excidit
813 1271 933 1360 syllaba
955 1294 1028 1348 una,
1048 1288 1105 1337 aut
1127 1285 1309 1358 corruptum

209 1390 256 1441 est
271 1376 470 1441 κατάσκοπον.
494 1375 593 1437 Versu
609 1372 753 1459 proximo
772 1379 873 1454 πρῶτα
891 1370 922 1434 in
948 1374 1049 1453 τρότα
1069 1370 1199 1446 mutavi,
1215 1386 1251 1432 ut
1265 1368 1311 1431 in-

209 1479 259 1543 fra
272 1502 303 1541 v.
319 1497 412 1561 1129.
435 1490 519 1541 recte
537 1475 578 1538 ab
594 1476 781 1539 Hermanno
799 1489 973 1538 correctum
988 1488 1046 1538 est.
1070 1474 1110 1537 In
1127 1495 1216 1536 versu
1232 1472 1312 1535 anti-

210 1578 367 1666 strophico
381 1577 600 1665 corrigendum
617 1576 743 1640 videtur
756 1577 861 1658 γνόμα
875 1577 1015 1659 σόφρον.

577 1729 930 1794 PHOENISSARUM

211 1841 328 1904 Versus
343 1841 417 1922 264.
441 1837 586 1925 exemplo
608 1861 674 1902 esse
696 1854 799 1925 potest
819 1862 915 1924 quam
930 1838 1124 1905 fastidiosum
1140 1841 1235 1905 fuerit
1257 1864 1312 1905 an-

210 1943 334 2029 tiquum
359 1965 461 2029 genus
480 1941 678 2021 histrionum,
699 1940 724 2004 si
743 1963 816 2005 vera
831 1955 936 2006 narrat
949 1941 1123 2023 scholiasta,
1137 1944 1229 2031 cujus
1243 1944 1311 2008 haec

210 2059 256 2110 est
279 2045 320 2109 ad
344 2044 529 2132 scripturam
553 2042 713 2130 vulgatam
737 2044 772 2107 οὗ
793 2042 903 2124 μεθῶσ’
925 2047 1094 2120 annotatio,
1118 2047 1171 2110 οὐκ
1191 2050 1313 2129 ἀφῶσιν

210 2148 352 2227 ἄτρωτον.
378 2147 487 2214 άλλως.
513 2148 542 2209 ol
563 2147 619 2225 μὲν
641 2172 680 2227 γρ
742 2171 811 2209 νσιν
833 2147 886 2209 οὐκ
909 2148 1042 2229 ἔφρῶσιν
1067 2150 1114 2231 (οὔ
1135 2173 1172 2228 με
1195 2155 1312 2230 φρεδσιν

209 2247 308 2312 codex
322 2247 537 2327 Havniensis).
555 2251 584 2312 ol
598 2248 652 2311 οὖν
665 2248 818 2330 ὑποκριτώ
833 2251 881 2313 διδ
894 2249 928 2311 τδ
944 2249 1131 2332 δυσέκφορον
1144 2251 1312 2330 μετοπλάτ-

209 2374 294 2412 τουσι
308 2350 362 2428 τὴν
376 2349 469 2428 λέξιν.
488 2351 534 2413 καὶ
544 2348 706 2428 Φιλόξενος
721 2351 754 2413 ἔν
768 2353 808 2435 τῷ
823 2351 890 2431 περὶ
904 2350 1146 2431 μονοσνλλάβων
1163 2351 1310 2434 ῥημάτων,

209 2451 260 2513 ὅτε
275 2449 474 2530 διαλαμβάνει
488 2452 556 2532 περὶ
572 2456 624 2514 τοῦ
639 2457 714 2533 φρδ,
729 2453 838 2532 ταύτην
852 2452 906 2530 τὴν
919 2455 1029 2535 χρῆσιν
1040 2455 1142 2535 φησίν.
1165 2454 1257 2540 cujus
1271 2477 1311 2517 ex

210 2551 313 2615 verbis
329 2552 447 2614 mireris
461 2574 522 2614 non
538 2575 603 2614 csse
618 2551 741 2616 dudum
757 2575 821 2616 una
842 2553 950 2617 addita
970 2553 1070 2618 littera
1083 2569 1209 2619 erutum
1224 2556 1312 2642 quod

210 2652 374 2739 scripserat
389 2667 493 2740 poeta,
504 2653 557 2717 οὐκ
571 2653 711 2735 ἑκφρῶσ’,
722 2678 817 2740 quam
833 2655 993 2720 lectionem
1009 2657 1101 2721 etiam
1119 2658 1253 2723 Photius
1268 2659 1313 2722 vi-

210 2753 304 2819 detur
318 2777 484 2842 agnoscere
501 2777 530 2838 p.
542 2772 618 2840 359,
629 2758 657 2818 8.
694 2758 758 2821 Οὐκ
774 2759 942 2840 ἐκφρῶσινε
959 2760 1012 2823 οὐκ
1027 2763 1171 2842 ἐξαφῶσι.
1209 2767 1309 2844 Σοφο-

211 2866 293 2939 κλῆς.
315 2862 397 2925 Nam
413 2860 470 2924 etsi
485 2858 560 2923 nihil
574 2859 705 2947 impedit
719 2860 887 2946 quominus
901 2860 1009 2926 iisdem
1026 2863 1127 2928 verbis
1136 2888 1228 2929 usum
1245 2890 1311 2931 ease

212 2964 397 3051 Sophoclem
413 2963 635 3041 existimemus,
648 2964 747 3027 multo
762 2979 864 3028 tamen
880 2965 1073 3051 probabilius
1087 2982 1133 3032 est
1147 2983 1312 3055 poetarum

210 3066 348 3146 nomina,
366 3082 401 3131 ut
415 3065 483 3130 aliis
497 3066 528 3129 in
545 3064 619 3129 locis
640 3065 794 3152 pluribus,
809 3067 967 3132 memoriae
984 3091 1087 3134 errore
1102 3093 1167 3134 esse
1185 3093 1312 3157 permu-

212 3183 286 3233 lala.

503 3286 769 3350 IPHIGENIAE
793 3289 1021 3353 TAURICAE

212 3417 252 3480 V.
269 3434 361 3498 1007.
389 3415 455 3477 haec
470 3428 544 3476 suut
559 3413 680 3478 Orestis
694 3414 733 3478 ad
752 3415 948 3501 Iphigeniam
965 3418 1060 3482 verba

384 3517 437 3579 οὐκ
451 3514 489 3578 άν
503 3517 645 3597 γενοίμην
661 3521 717 3580 σοῦ
731 3543 764 3581 τε
780 3520 826 3580 καὶ
840 3520 947 3600 μητρὸς
961 3521 1081 3602 φονεὺς,

385 3617 451 3685 ἅλις
465 3618 498 3680 rb
515 3619 611 3697 κείνης
626 3619 707 3698 οἶμα,
724 3618 938 3701 κοινόφρωνδέ
952 3647 1002 3685 σοι

384 3721 431 3784 καὶ
444 3725 496 3798 ὄιν
511 3719 623 3800 θέλοιμ’
641 3719 678 3784 δν
694 3722 741 3784 καὶ
756 3724 855 3786 θανὼν
869 3731 977 3807 λαχεῖν
992 3729 1069 3789 ἴσον.

382 3823 441 3900 ’ἥξω
457 3821 490 3884 δέ
505 3821 543 3902 γ’,
560 3822 653 3904 ἤνπερ
669 3824 773 3891 καότδς
789 3826 928 3889 ἐνταυθοῖ
939 3826 1034 3904 πέσω,

381 3923 454 4003 πρὸς
468 3923 560 4000 οἶκον,
576 3923 595 4003 ἢ
610 3930 666 3989 σοῦ
681 3928 834 3990 κατθανὼν
848 3931 926 4007 μενῶ
942 3927 1027 4007 μέτα.

210 4026 241 4089 in
257 4025 375 4113 quibus
388 4041 508 4090 certum
524 4042 571 4090 est
585 4027 652 4113 ipsa
666 4027 817 4092 sententia
828 4029 1006 4115 postulante
1016 4030 1232 4117 corrigendum
1245 4056 1312 4096 esse

209 4128 250 4207 μὴ
265 4128 363 4203 αὐτὸς,
379 4129 465 4214 quod
489 4152 545 4216 per
566 4129 665 4193 crasin
689 4130 838 4216 scripturn
861 4133 970 4211 μαότὸς
991 4131 1130 4195 sollemni
1153 4157 1256 4197 errore
1279 4136 1310 4198 in

212 4229 316 4297 καύτός
330 4229 418 4308 abiit,
429 4246 464 4294 ut
479 4231 614 4310 μδμοθὴς
627 4230 659 4294 in
676 4232 815 4311 κάμαθὴς,
832 4233 872 4297 dc
887 4256 953 4319 quo
968 4255 1061 4320 supra
1077 4233 1228 4299 dicebam.
1254 4239 1310 4300 At-
