2850 4898
227 276 311 337 1012
697 275 849 340 NOTAE.

649 510 889 574 TROADUM

227 649 341 712 Versus
356 649 429 724 840,
441 648 513 725 841.
530 646 586 731 qui
602 645 697 732 vulgo
712 647 755 710 ita
770 648 950 712 scribuntur

392 747 489 830 Ἔρως
499 746 605 830 Ἔρως,
623 748 655 816 δς
668 753 749 831 παρὰ

325 898 330 908 .
397 850 550 933 Δαρδάνια
563 851 698 933 μέλαθρά
712 850 776 916 ποτ’
791 852 892 931 ἦλθες,

223 954 255 1016 in
271 951 420 1038 exemplis
434 951 697 1040 proceleusmatici
711 953 828 1040 dactyli
843 953 945 1018 locum
957 954 1090 1018 tenentis
1105 957 1260 1019 numerari
1275 979 1325 1020 so-

224 1055 296 1121 lent,
345 1055 439 1134 Quod
454 1079 516 1119 non
530 1069 612 1120 recte
627 1055 694 1119 fieri
707 1055 812 1141 arguit
826 1056 948 1120 diversa
965 1057 1129 1143 scriptura,
1143 1081 1238 1143 quam
1254 1061 1323 1123 exi-

223 1159 320 1222 mium
336 1158 414 1222 illud
429 1181 487 1245 par
500 1158 654 1235 codicum,
674 1158 840 1223 Vaticanus
855 1179 930 1243 909.
947 1174 978 1223 et
999 1158 1200 1235 Havniensis‚
1216 1183 1322 1224 serva·

223 1277 308 1340 runt,
324 1262 357 1329 δς
375 1265 412 1325 τδ
434 1261 584 1343 δαρδάνια,
599 1261 712 1325 omissa
729 1260 958 1347 praepositione,
975 1285 1039 1348 qun
1059 1261 1151 1325 etiam
1174 1261 1226 1325 alii
1249 1262 1321 1348 qui·

222 1362 295 1429 dnm
309 1362 432 1428 codices
447 1377 562 1427 carent.
606 1365 696 1449 Ergo
711 1363 906 1427 scribendum

389 1464 488 1547 Ἔρως
497 1464 603 1547 Ἔρως,
617 1465 650 1532 δς
663 1469 701 1529 τὰ
715 1466 885 1547 Δαρδάνεια
897 1465 1033 1546 μέλαθρά
1046 1462 1111 1529 ποτ’
1125 1464 1225 1544 ἦλθες,

221 1565 272 1630 cui
287 1581 430 1631 accurate
444 1565 611 1652 respondet
626 1591 733 1631 versus
747 1567 779 1630 in
794 1567 924 1653 stropha
937 1565 1058 1653 positus

392 1669 490 1749 μάταν
505 1669 562 1752 ἀρ’,
578 1669 601 1734 ὦ
616 1671 758 1754 χρυσέαις
773 1673 806 1735 ἐν
821 1673 970 1753 οἰνοχόαις
984 1672 1066 1751 ἀβρά
1078 1672 1202 1749 βαίνων.

221 1770 381 1858 Adjectivi
391 1769 492 1835 forma
504 1772 686 1853 Δαρδάνειος
697 1772 798 1836 utitur
807 1772 977 1859 Lycophro
988 1770 1181 1835 Alexandrae
1192 1787 1265 1835 ναι
1266 1787 1320 1855 57.

222 1875 342 1938 Contra
354 1888 437 1940 recte
451 1873 546 1938 habet
561 1896 662 1959 nequo
677 1873 731 1937 ulli
744 1873 911 1961 suspicioni
922 1873 1077 1938 obnoxius
1088 1888 1135 1937 est
1145 1872 1322 1960 proceleus-

222 1976 352 2041 maticus
366 1976 397 2039 in
414 1976 541 2041 Avibus
555 1976 770 2061 Aristophanis
784 2000 814 2040 v.
830 1993 923 2060 1752.

393 2081 441 2143 διδ
456 2080 493 2142 σὲ
507 2082 544 2142 τά
558 2078 656 2142 πάντα
671 2077 826 2159 κρατήσας,

221 2180 275 2266 qui
301 2179 386 2243 locus
410 2179 529 2266 aliquid
556 2179 704 2243 momenti
727 2179 822 2243 habet
847 2178 886 2242 ad
917 2177 1148 2243 defendendum
1177 2177 1319 2264 ejusdem

221 2296 321 2368 poetae
336 2304 459 2346 versum
474 2281 694 2367 anapaesticum
711 2281 742 2343 in
759 2280 908 2345 Nubibus
923 2304 951 2345 v.
964 2281 1037 2364 916.

393 2386 441 2448 διδ
455 2385 492 2447 σὲ
507 2385 540 2448 δὲ
554 2389 663 2465 φοιτᾶν
677 2384 772 2451 οὐδεὶς
786 2383 894 2447 ἐθέλει.

713 2568 795 2630 ION
800 2568 842 2630 IS

220 2689 260 2752 V.
284 2702 467 2769 714-724.
504 2686 542 2748 In
566 2684 658 2771 epodi
678 2685 775 2772 hujus
793 2686 899 2750 metris
917 2685 1146 2771 distinguendis
1169 2708 1231 2750 non
1257 2712 1318 2776 op·

220 2789 294 2853 time
309 2802 448 2852 versatus
462 2801 509 2850 est
523 2783 640 2851 Aldus.
687 2787 768 2850 Nam
789 2801 820 2850 et
835 2785 1030 2850 dochmiaoos
1046 2808 1191 2850 numeros
1204 2787 1317 2872 partim

219 2890 407 2968 obscuravit,
424 2889 509 2975 quod
519 2889 586 2976 jain
605 2888 646 2952 ab
660 2888 728 2952 aliis
749 2903 920 2953 correctum
941 2904 998 2966 est,
1015 2906 1046 2953 et
1064 2911 1104 2952 ex
1122 2888 1211 2953 bonis
1226 2890 1320 2953 versi-

219 2992 279 3057 bus
293 2992 419 3057 duobus
434 3006 495 3055 tres
509 2990 582 3055 fecit
597 2991 777 3077 hujusmodi

391 3098 441 3158 ίνα
455 3094 582 3176 Βάκχιος
597 3095 781 3175 ἀμφιπύρους
796 3093 913 3177 ἀνέχων

391 3199 500 3262 πεύκας
513 3199 649 3277 λαιψηρὰ
663 3199 742 3279 πηδᾷ

391 3300 575 3364 νυκτιπόλοις
589 3295 650 3376 ἅμα
665 3297 721 3360 σὺν
736 3297 874 3380 Βάκχαις.

218 3402 371 3488 Apertum
397 3422 472 3462 vero
495 3414 541 3462 est
566 3398 610 3462 ita
636 3398 703 3463 haec
728 3421 793 3461 esse
815 3395 1315 3483 describenda,quemadmodun1

218 3501 309 3566 etism
325 3499 366 3563 ab
381 3498 497 3562 Bothio
511 3523 576 3563 esse
594 3498 749 3585 desciipta
764 3498 864 3577 video,

389 3603 439 3665 ίνα
453 3601 580 3683 Βάκχιος
594 3603 778 3683 ἀμφιπύρους
793 3600 911 3684 ἀνέχων
925 3603 1034 3668 πεύκας

388 3706 525 3785 λαιφηρά
538 3707 616 3786 πηδᾷ
632 3706 817 3770 νυκτιπόλοις
830 3701 892 3782 ἅμα
907 3705 963 3768 σὺν
978 3703 1117 3792 Βάκχαις.

218 3806 336 3874 Prioris
350 3827 458 3868 versus
472 3819 606 3868 metrum
621 3804 701 3868 redit
714 3805 796 3868 infra
812 3829 840 3867 v.
859 3825 954 3886 1442.

387 3908 511 3989 χθόνιον
524 3909 600 3986 μεπά
614 3909 814 3988 Περσεφόνας
827 3906 851 3971 τ’
869 3909 991 3973 ἐδόκουν
1005 3909 1110 3972 ναίειν.

217 4024 247 4073 et
262 4008 294 4071 in
310 4006 534 4072 Andromacha
549 4031 579 4073 v.
592 4010 669 4088 480.

389 4113 462 4173 κατὰ
476 4112 627 4188 πηδαλίων
642 4112 745 4189 διδύμο
758 4112 911 4193 πραπίδων
924 4114 1037 4194 γνώμα.

218 4210 354 4275 Alterius
368 4234 474 4274 versus
488 4210 632 4298 exemplo
646 4210 711 4274 duo
725 4227 797 4276 sunt
813 4212 843 4275 in
862 4213 994 4278 Hecuba
1010 4238 1040 4277 v.
1053 4215 1127 4297 647.
1140 4215 1212 4295 648.
