2850 4898
492 284 835 344 ΑΠΟΣΠΑΣΜΑΤΙΑ.
1147 284 1207 352 98]

111 449 302 522 περιπτύξαντα
315 452 455 506 κατέκαυσε
469 453 511 506 καὶ
524 453 720 515 συναπώλεσεν,
729 448 811 507 οὕτως
824 452 887 505 ἔνιοι
896 454 948 505 τῶν
958 452 1045 523 φίλων
1059 452 1133 508 οόδέν
1146 453 1210 508 όπο-

111 546 256 605 λούσαντες
279 547 455 620 εὐτυχούντων
479 552 688 604 συναπόλλυνται
712 549 899 619 δυστυχοῦσιν.
932 550 973 603 καὶ
996 554 1075 605 τοῦτο
1096 553 1214 621 μάλιστα

111 646 263 716 πάσχουσιν
275 649 300 701 οί
317 648 467 719 φιλόσοφοι
486 649 527 702 καὶ
545 648 686 720 χαρίεντες,
703 646 736 703 όις
751 647 854 714 θησεὺς
870 651 908 722 τῷ
924 649 1038 723 Πειρίθῳ
1052 651 1214 724 κολαζομένῳ

112 744 153 796 καὶ
167 744 292 818 δεδεμένῳ

199 835 311 904 Πέδαις
325 837 558 921 ἀχαλκεύτοισιν
574 836 702 911 ἔζευκται
717 838 819 903 πόδας.

113 940 160 997 Ad
173 941 252 998 hunc
262 961 380 999 versum
396 942 524 1018 respexit
539 941 688 998 Plutarch.
704 941 811 998 Moral.
826 960 855 1016 p.
866 941 924 1013 482
941 959 966 997 a.
982 956 998 1016 5
1004 959 1039 1016 33
1057 961 1083 1000 ο.
1101 942 1156 1018 763
1174 941 1192 999 f.

154 1155 276 1234 Gregor.
292 1158 360 1215 Cor.
376 1158 407 1214 in
425 1157 603 1234 Hermogen.
625 1070 774 1214 insReisk.
788 1157 871 1215 Orat.
884 1156 936 1216 Gr.
947 1158 1030 1215 VllI.
1041 1178 1068 1234 p.
1078 1159 1148 1234 948.
1170 1159 1216 1214 Ἐν

113 1255 161 1323 μὲν
173 1259 210 1330 τῷ
223 1255 336 1330 Πειρίθῳ
358 1257 544 1328 παρεισάγεται
559 1255 690 1327 Ἡρακλῆς
708 1256 737 1309 ε’ν
755 1254 847 1311 Ἅιδου
868 1259 999 1313 κατελθὼν
1019 1259 1082 1312 κατδ
1096 1259 1215 1312 κε’λευσιν

115 1353 278 1424 Εὐρυσθέως,
293 1355 334 1408 καὶ
348 1354 398 1409 ίιπδ
411 1359 459 1409 τοῦ
471 1354 565 1408 Αἰακοῦ
578 1354 740 1426 ἐρωτώμενος
754 1353 828 1410 ὅστις
841 1354 900 1409 ε’στλ
908 1356 949 1410 καί
961 1354 1162 1428 ἀποκρινόμενος

200 1447 286 1526 Ἐμοὶ
300 1448 403 1529 πατρὶς
416 1451 472 1528 μὲν
481 1445 603 1529 Ἄργος,
620 1449 715 1526 ὄνομα
730 1447 755 1510 δ’
768 1444 930 1528 Ἡρακλῆς·

200 1552 276 1612 θεῶν
291 1551 323 1612 δὲ
338 1548 457 1613 πάντων
471 1547 581 1630 πατρὸς
596 1547 704 1631 ἓξέφυν
720 1550 803 1615 Διός.

202 1653 255 1730 ἐμῇ
270 1653 328 1732 γὰρ
342 1650 417 1730 ἦλθε
430 1651 516 1732 μητρὶ
531 1655 617 1730 κεδνῇ
633 1650 706 1731 πρὸς
719 1651 811 1734 λέχος

202 1753 286 1828 Ζεὺς,
303 1755 342 1820 ὡς
355 1753 495 1818 λέλεκται
509 1758 559 1833 τῆς
574 1755 714 1833 ἀληθείας
727 1755 796 1817 ὕπο.

200 1855 260 1934 ἥκω
276 1856 309 1919 δὲ
324 1860 409 1937 δεῦρο
423 1855 495 1938 πρὸς
509 1858 583 1936 βίαν
598 1854 783 1936 Εὐρυσθέως.

654 1976 674 2037 6

159 2061 293 2121 Stobaeus
307 2063 370 2120 Ecl.
384 2063 452 2120 Eth.
467 2064 525 2121 vol.
539 2062 578 2121 11.
593 2083 622 2139 p.
634 2062 706 2138 336.

201 2157 240 2222 Ὁ
256 2165 369 2239 πρῶτος
383 2160 473 2222 εἰπὼν
487 2158 540 2222 οὐκ
555 2156 733 2241 δμνμνόατιρ
748 2156 837 2237 φρενὶ

204 2260 327 2343 ἔρριψεν
343 2262 425 2327 ὅστις
438 2259 516 2325 τόνδ’
533 2263 682 2325 ἔκαίνισεν
697 2261 802 2341 λόγον,

202 2364 241 2429 ὡς
254 2368 352 2426 τοῖσιν
367 2363 399 2426 εδ
414 2367 560 2444 φρονοῦσι
574 2367 726 2444 συμμαχεῖ
738 2362 822 2441 τύχη.

158 2567 292 2627 Stobaeus
304 2583 352 2644 37.
362 2589 392 2645 p.
406 2586 473 2626 220.
657 2518 669 2561 t

202 2665 319 2745 Τρόπος
334 2665 399 2727 ἐστὶ
413 2663 542 2747 χρηστὸς
556 2662 784 2743 ἀσφαλέστερος
799 2663 901 2739 νόμου.

203 2763 256 2827 τδν
269 2766 326 2844 μὲν
340 2767 397 2845 γδρ
411 2764 506 2831 οὐδεὶς
519 2762 558 2828 δν
572 2763 752 2845 διαπρέψαι
765 2764 838 2826 ποτὲ

203 2866 298 2948 ῥήτωρ
313 2867 441 2940 δύναιτο,
457 2866 511 2930 τὸν
525 2867 550 2931 δ’
564 2867 625 2930 δνω
641 2891 674 2929 τε
689 2865 736 2928 καὶ
752 2864 828 2928 κάτω

203 2971 306 3051 λόγοις
320 2968 480 3049 ταράσσων
494 2968 639 3035 πολλάκις
652 2968 837 3046 λυμαίνεται.

161 3175 295 3235 Stobaeus
314 3193 379 3233 120.
394 3176 424 3235 b.
434 3175 502 3234 608.
657 3087 676 3149 8

205 3269 324 3334 Οὐκοῦν
337 3269 371 3332 τδ
384 3270 424 3350 μὴ
438 3273 491 3349 (ἣν
504 3270 640 3352 χρεῖττόν
655 3267 716 3332 ἐστ’
732 3266 817 3347 iffi»
831 3271 931 3332 κακῶς.

553 3457 779 3516 ΠΕΛΙΑΔΕΣ.

162 3576 219 3651 [De
234 3588 407 3654 argumento
420 3577 505 3653 hujus
516 3574 620 3633 fabulae
630 3575 728 3631 locum
742 3573 887 3650 insignem
902 3589 936 3628 ex
949 3568 1216 3626 MosisChorenen·

119 3675 158 3732 ais
172 3675 437 3754 Progymnasmatis
459 3672 549 3731 edidit
569 3674 605 3730 Α.
617 3673 715 3730 Μαίας
736 3671 774 3730 ad
795 3670 953 3729 Eusebium
970 3690 999 3746 p.
1010 3688 1062 3744 43.
1091 3668 1129 3727 G.
1140 3668 1215 3726 Dm·

119 3773 219 3846 nona]

632 3867 659 3922 1,
677 3865 695 3908 ο

160 3937 260 4013 οτηερ.
272 3936 353 3995 Med.
366 3936 435 3994 αις.

204 4034 246 4096 Τί
257 4037 356 4114 χρῆμα
370 4030 498 4114 δρόσος;
522 4028 615 4110 φράζε
628 4053 678 4106 μοι
692 4027 892 4110 σαφέστερον.

119 4137 169 4195 ubi
182 4138 274 4196 schol.
300 4139 472 4209 σεσημείωται
484 4139 500 4190 ὁ
514 4136 614 4206 στίχος,
630 4133 670 4187 ὅτι
681 4135 721 4187 καί
735 4134 762 4188 ἐν
775 4134 904 4187 Πελιόσιν
918 4133 997 4196 ἐστὶν,
1012 4125 1048 4185 ὦν
1061 4131 1076 4200 ἡ
1089 4131 1156 4203 ἀρχὴ

207 4231 333 4312 Μήδεια,
349 4231 422 4312 πρὸς
435 4233 491 4310 μὲν
505 4230 637 4308 δώμασιν
651 4232 841 4309 τυραννικοῖς.

160 4356 226 4394 τοι.
236 4356 271 4394 ιι.
676 4351 697 4390 ιι
711 4332 731 4390 h
