2850 4898
613 290 762 354 NOTAE.
1153 295 1238 360 1015

138 479 230 520 sirum
254 472 353 521 metra
378 458 585 523 consideranti
609 457 802 545 probabilius
826 458 984 523 videbitur
1005 459 1091 523 hunc
1112 480 1241 547 quoque

138 581 200 622 non
216 583 253 622 cx
269 559 407 646 dactylo,
428 561 481 623 sed
502 584 541 624 ex
563 560 677 625 cretico
698 577 730 624 et
752 560 897 625 dochmio
913 561 1007 625 fuisse
1021 561 1233 648 compositum

140 664 285 726 Fortasse
300 663 397 749 igitur
413 666 613 746 κρυπτόμενον
627 665 658 731 ές
671 664 763 746 λέχος
776 662 928 744 ηὐνάσθην
943 663 1151 727 scribendum.

185 765 220 826 V.
236 767 458 849 1489—1491.
482 768 581 830 Recte
595 765 653 829 hos
665 789 772 830 versus
786 779 818 829 et
832 765 994 831 distinctos
1004 781 1036 830 et
1047 767 1178 853 scriptos
1188 789 1243 830 ex-

138 864 242 929 hibuit
257 865 374 945 Aldus,
390 866 447 930 nisi
461 867 547 953 quod
562 867 642 940 τόδε,
663 867 669 953 Ι
689 870 789 950 ἐνῆψα
803 865 913 932 edidit.
960 867 999 931 Id
1017 868 1177 954 quomodo
1191 891 1242 933 ac-

138 968 333 1032 commodate
354 969 395 1032 ad
419 985 551 1038 metrum
571 969 683 1056 corrigi
706 985 848 1056 oporteat
863 968 996 1033 Parisini
1010 970 1125 1035 codicis
1140 971 1241 1058 scrip·

139 1085 211 1134 tura
225 1072 329 1154 όνῆμα
343 1072 488 1138 ostendit.
536 1072 741 1137 Scribendum
759 1072 840 1136 enim
858 1071 921 1138 τόδ’
938 1077 1053 1155 όνῆψα.

584 1276 795 1341 HELENAE

140 1388 256 1451 Versus
271 1388 323 1452 86.
346 1389 421 1470 ἆτδρ
442 1390 485 1455 τίς
508 1388 545 1464 εἴ,
568 1391 671 1462 πόθεν,
701 1390 792 1466 τίνος,
817 1392 941 1468 έξαυδῶν
961 1414 998 1452 σε
1020 1387 1077 1471 χρῆ
1099 1402 1131 1451 et
1154 1387 1243 1452 Ionis

138 1512 171 1551 v.
187 1508 279 1572 1471.
302 1497 362 1557 πῶς
380 1491 481 1562 cinus:
505 1493 638 1555 ἄλλοθεν
652 1490 781 1572 γέγονας
794 1495 853 1573 γδρ
868 1491 1000 1554 ἄλλοθεν
1015 1488 1154 1554 difficiles
1168 1505 1241 1554 sunt

139 1590 317 1655 emendatu.
365 1593 403 1655 In
426 1606 561 1677 utroque
576 1592 705 1656 fortasse
720 1591 779 1656 alia
794 1608 841 1657 est
857 1591 922 1655 vitii
939 1591 1131 1678 sedesquam
1144 1591 1243 1679 vulgo

140 1709 279 1778 putatur.
325 1695 365 1758 In
394 1693 493 1758 altero
522 1698 580 1777 γδρ
609 1695 725 1759 omittit
754 1695 852 1759 codex
879 1695 1049 1760 Vaticanus
1079 1696 1243 1760 Palatinus

142 1798 215 1876 287.

184 1900 222 1962 V.
240 1917 311 1980 124.
334 1899 440 1963 οὔκουν
467 1899 501 1961 έν
521 1896 627 1979 ΙἈργει
651 1896 711 1962 οὐδ’
739 1897 783 1962 ἐπ’
811 1900 934 1980 Εὐρώτα
958 1902 1053 1984 ῥοαῖς]
1078 1898 1186 1982 Ἀργει
1211 1898 1239 1982 γ’

141 2001 355 2089 Musgravius.
402 2001 550 2064 Eundem
575 2000 694 2064 hiatum
719 1999 839 2065 codices
861 2000 1003 2087 proebeut
1021 2001 1053 2064 in
1070 2001 1242 2088 Equitibus

141 2104 363 2192 Aristophanis
379 2106 458 2183 v.46
460 2118 492 2187 5.

313 2208 419 2271 οὔκουν
433 2201 462 2285 μ’
479 2207 513 2269 έν
523 2203 630 2287 Ἀργει
644 2206 692 2268 oia
706 2201 827 2286 πράττει
841 2202 995 2268 λανθάνει.

184 2318 224 2382 V.
242 2333 312 2399 177.
338 2314 450 2379 Delevi
465 2314 551 2402 quod
568 2314 598 2378 in
614 2315 676 2378 fine
691 2315 787 2402 hujus
801 2337 910 2380 versus
924 2314 1068 2379 additum
1079 2315 1242 2402 legebatur

140 2424 276 2493 παιᾶνας,
292 2441 358 2504 quo
373 2416 535 2481 scholiasta
549 2417 662 2505 aliquis
672 2416 794 2500 χάριτας
809 2432 855 2481 est
867 2416 1110 2505 interpretatus:
1129 2433 1164 2481 ut
1179 2440 1242 2482 non

140 2522 318 2585 mirandum
342 2519 381 2584 sit
401 2519 476 2583 nihil
500 2519 532 2582 in
553 2542 642 2584 versu
667 2519 862 2606 antistropho
884 2543 949 2584 esse
963 2519 1051 2607 quod
1066 2519 1140 2584 huic
1153 2544 1246 2586 voea-

140 2622 217 2687 bulo
232 2622 427 2711 respondeat.

186 2735 308 2820 V.312.
332 2739 396 2799 ΕΛ.
423 2735 470 2798 καὶ
495 2734 645 2812 τόμπαλίν
667 2758 704 2815 γε
726 2733 809 2797 τῶνδ’
829 2736 973 2814 ἀληθείας
986 2735 1085 2822 σαφῆ]
1112 2734 1183 2798 Ηοο
1199 2750 1245 2799 est

143 2834 177 2900 δι’
194 2837 345 2915 δληθείας,
362 2835 579 2923 praepositione
601 2857 640 2897 ex
666 2835 917 2922 praecedentibus
938 2835 1024 2900 chori
1040 2837 1141 2900 verbis
1156 2859 1244 2922 repe-

143 2936 247 3014 tenda,
263 2937 350 3002 πόλλ’
367 2937 404 3002 ἂν
419 2937 537 3020 γένοιτο
555 2937 602 3000 καὶ
616 2939 664 3000 διδ
679 2941 800 3019 ψευδῶν
811 2937 875 3017 ἔτη.
913 2938 1032 3001 [ocum
1049 2937 1244 3001 sanissimum

141 3039 327 3127 conjecturis
340 3039 480 3104 certatim
497 3053 649 3103 vexarunt
665 3038 773 3103 critici.
820 3039 912 3117 Quod
933 3038 1025 3103 etiam
1052 3038 1153 3103 versui
1168 3059 1243 3125 334.

141 3140 252 3207 accidit
268 3141 419 3206 θέλουσαν
433 3142 467 3206 οὐ
481 3139 567 3220 μόλις
583 3146 692 3217 καλεῖς,
705 3140 759 3203 ubi
772 3141 806 3205 οὗ
820 3144 906 3220 μόλις
918 3141 1057 3206 similiter
1065 3141 1185 3206 dictum
1197 3157 1245 3207 est

141 3257 237 3332 atque
259 3244 291 3308 in
315 3244 455 3308 versibus
470 3241 649 3330 AEschyleis
668 3243 915 3330 Agamemnonis
940 3245 1031 3309 1082.
1042 3258 1073 3308 et
1088 3244 1241 3309 Eumeni·

142 3346 219 3410 dum
237 3349 312 3426 864.

187 3450 226 3512 V.
235 3469 309 3534 505.
332 3449 430 3529 δόμων
453 3449 566 3512 ἄνακτα
596 3451 765 3528 προσμενῶ·
804 3448 868 3531 ἔχει
890 3447 923 3512 δέ
944 3448 1008 3532 μοι]
1032 3453 1190 3530 προσμενῶ
1215 3448 1244 3530 γ’

144 3549 321 3615 Barncsius.

520 3656 868 3724 ANDROMACHAE

143 3780 180 3842 V.
195 3782 272 3861 464.
299 3776 483 3865 Legebatur
497 3773 633 3841 οὐδέποτ’
657 3775 696 3840 δν
716 3778 820 3856 διδυμο
834 3774 932 3857 λέκτρ’
946 3773 1094 3839 ἐπαινέσω
1113 3783 1241 3859 βροτῶν.

143 3883 223 3959 Quae
237 3881 407 3946 orationem
421 3878 565 3943 soloecam
581 3878 683 3943 reddit
695 3877 732 3944 δν
741 3880 905 3966 particula,
917 3889 1001 3942 recte
1010 3877 1098 3941 abest
1106 3879 1146 3944 ab
1158 3878 1245 3944 libris

143 3983 265 4070 scriptis
281 3981 422 4048 οὐδέποτε
437 3980 662 4069 praebentibus.
691 3982 764 4044 Non
781 3979 865 4044 hunc
880 4003 1014 4060 versum,
1030 3979 1085 4044 sed
1098 3980 1244 4046 antistro-

142 4085 270 4172 phicum
285 4100 407 4149 mutare
421 4082 556 4148 debebat
571 4081 677 4146 Aldus

316 4189 383 4252 οὐδὲ
398 4190 456 4270 γδρ
472 4189 505 4250 έν
519 4183 629 4250 πόλεσι
643 4185 778 4270 δίπτυχοι
792 4185 972 4265 τυραννίδες,
1089 4240 1092 4246 .
