2850 4898
505 295 851 359 ΑΠΟΣΠΑΣΜΑΤΙΑ.

172 547 303 606 Stobaeus
314 562 363 623 97.
379 567 407 623 p.
418 563 433 623 5
439 548 486 622 38.

211 642 272 706 Ἔν
287 645 353 706 ἐστι
363 642 483 706 πάντων
496 648 614 723 πρῶτον
629 642 739 707 εἰδέναι
750 643 830 718 τάδε,

215 745 320 828 φέρειν
330 749 368 809 τδ
382 747 588 825 συμπίπτοντα
601 746 641 826 μὴ
655 745 850 828 παλιγκότως.

211 848 318 930 χοῦτός
332 845 359 929 γ’
377 848 451 929 ἀνὴρ
468 849 600 929 ἀριστος,
617 850 650 911 αἵ
662 874 695 912 τε
711 850 864 930 συμφοραὶ

209 949 312 1028 -ἧσσον
326 948 494 1014 δάκνουσιν.
526 951 608 1013 ἀλλὰ
621 954 713 1013 ταῦτα
728 952 785 1031 γδρ
799 949 903 1031 λέγειν

215 1051 428 1130 ἐπιστάμεσθα,
444 1055 517 1133 δράν
530 1053 557 1115 δ’
573 1051 729 1134 ἀμηχάνως
745 1052 818 1135 ἔχει.

169 1261 302 1321 Stobaeus
321 1279 387 1338 115.
403 1283 430 1339 p.
446 1281 515 1338 590.
663 1195 685 1254 4

207 1355 316 1426 Ὅστις
330 1361 361 1422 δὲ
377 1363 490 1438 θνητῶν
504 1359 649 1437 βούλεται
663 1358 836 1436 δυσώνυμον

212 1462 253 1526 εἰς
267 1464 359 1543 γῆρας
373 1463 483 1534 ἐλθεῖν,
500 1461 535 1524 οὐ
549 1460 699 1541 λογίζεται
714 1465 820 1526 καλῶς·

210 1563 319 1644 μακρὸς
332 1566 390 1645 γδρ
405 1563 478 1627 αῖῖον
491 1563 609 1643 μυρίους
623 1563 713 1624 τίκτει
727 1563 846 1628 πόνους.

165 1774 299 1835 Stobaeus
317 1776 504 1854 121.p.613.
660 1705 680 1771 ⁵

208 1872 295 1936 Ἀλλ’
313 1873 377 1937 ἔστι
391 1875 449 1955 γὰρ
464 1871 499 1948 δὴ
514 1871 569 1933 κάν
584 1874 718 1933 κακοῖσιν
732 1871 822 1950 ἡδονὴ

210 1978 335 2054 θνητοῖς,
351 1974 470 2055 ὀδυρμοὶ
486 1973 618 2052 δακρύων
632 1969 656 2033 τ’
674 1973 816 2054 ἐπιρροαί.

209 2078 377 2159 ἀλγηδόνας
392 2078 530 2139 δὲταῦτα
545 2074 675 2154 κουφίζει
690 2081 809 2155 φρενῶν

207 2180 256 2244 καὶ
269 2180 387 2261 καρδίας
401 2179 492 2242 ἔλυσε
506 2175 573 2242 τοὺς
587 2177 666 2256 ἄγαν
677 2177 797 2243 πόνους.

164 2387 301 2445 Clemens
311 2386 395 2446 Alex.
410 2385 519 2444 Strom.
529 2383 582 2439 VI.
596 2401 624 2457 p.
636 2295 680 2438 626
677 2397 693 2457 5
710 2400 736 2438 a.
752 2381 797 2440 ed.
813 2380 948 2463 Sylburg.

205 2484 451 2564 Τεκμαιρόμεσθα
464 2485 526 2546 τοῖς
540 2480 668 2558 παροῦσι
682 2478 809 2558 τάφανῆ.

527 2750 809 2813 ΠΑΛΑΜΗΔΗΣ.

158 2954 290 3012 Stoboeus
306 2954 354 3030 89.
369 2975 398 3031 p.
409 2973 477 3030 503.
659 2895 672 2936 1

201 3049 401 3131 Ἀγάμεμνον,
418 3053 601 3133 ἀνθρώποισι
615 3058 709 3118 πᾶσιν
724 3057 755 3118 αἱ
768 3056 855 3137 τύχαι

201 3153 320 3234 μορφὴν
336 3153 450 3236 ἔχουσι·
476 3155 636 3239 συντρέχει
652 3155 675 3220 δ’
697 3159 739 3224 είς
753 3156 897 3239 χρήματα

204 3258 315 3319 τούτων
329 3257 362 3318 δὲ
377 3255 495 3331 πάντες,
509 3260 540 3320 οἵ
552 3283 585 3322 τε
598 3263 739 3339 μουσικῆς
752 3260 848 3340 φίλοι,

202 3358 270 3420 ὅσοι
284 3382 317 3420 τε
331 3358 421 3441 χωρὶς
434 3364 515 3434 ζῶσι,
530 3359 690 3443 χρημάτων
702 3362 776 3442 δπερ

199 3464 374 3543 μοχθοῦσιν,
391 3460 424 3527 δς
439 3460 462 3525 δ’
479 3461 517 3526 ἀν
531 3461 648 3526 πλεῖστ’
665 3463 731 3547 ἔχῃ,
749 3463 931 3544 σοφώτατος.

653 3611 671 3657 2

155 3673 289 3733 Stobaeus
302 3692 350 3751 79.
366 3696 394 3752 p.
404 3678 474 3753 469.

198 3772 245 3832 Τδ
259 3774 309 3849 τῖις
324 3797 359 3852 γε
374 3770 466 3852 λήθης
481 3773 609 3854 φάρμακ’
624 3776 759 3855 δρθιδσας
772 3776 863 3853 μόνος

198 3872 306 3952 ἄφωνα
321 3874 368 3936 καὶ
383 3878 550 3956 φωνοῦντα,
568 3877 727 3956 συλλαβάς
741 3902 774 3940 τε
789 3877 849 3942 θεὶς

199 3975 318 4055 ἐξεῦρον
334 3976 515 4056 ἀνθρώποισι
525 3976 671 4058 γράμματ’
687 3978 807 4055 εἰδέναι,

197 4075 266 4140 ὥστ’
282 4079 317 4142 οὐ
331 4081 464 4160 παρόντα
478 4083 600 4148 ποντίας
613 4083 687 4163 ὑπὲρ
702 4082 814 4148 πλακὸς

197 4181 281 4244 τάκεῖ
293 4183 357 4245 κατ’
373 4184 469 4249 οἴκους
482 4181 567 4247 πάντ’
584 4185 766 4247 ε’πίστασθαι
781 4189 885 4255 καλῶς,

197 4284 301 4346 παισίν
312 4281 336 4345 τ’
353 4284 581 4363 ἀποθνήσκοντα
595 4286 753 4368 χρημάτων
766 4284 875 4366 μέτρον
