2850 4898
512 305 855 367 ΑΠΟΣΠΑΣΜΑΤῙΑ.

219 477 328 549 acm,
344 474 361 538 δ
377 479 400 538 δ’
417 477 445 537 o!
458 477 655 540 πλουτοῦντες
670 474 705 536 οὗ
721 471 893 551 κεκτήμεθα,

219 583 315 641 τοῖσιν
329 576 437 657 πένησι
452 577 599 659 χρώμενοι
615 577 778 656 θηρόμεθα.

134 681 172 738 V.
186 699 216 756 3,
229 700 257 755 4.
272 681 444 739 Plutarchus
459 681 564 737 Moral.
576 698 606 756 p.
619 696 653 753 25
671 699 697 737 c.
725 678 784 754 369
799 678 827 735 b.
849 693 945 751 474⁸.
960 675 1151 752 Theophrast.
1168 675 1232 733 Me·

135 780 247 857 taphys.
262 799 292 857 p.
305 780 371 855 269.

175 977 309 1037 Stobaeus
323 979 372 1054 63.
387 999 414 1055 p.
426 979 496 1053 406.
669 910 689 974 3

215 1073 322 1153 Ἰδοιμι
337 1074 362 1137 δ’
377 1074 473 1137 αὐτῶν
489 1073 586 1153 ἔκγου’
601 1072 704 1152 ἄρσεν’
718 1070 863 1152 ἀρσένων,

220 1178 407 1258 πρῶτονμὲν
422 1175 497 1242 εἶδος
512 1175 610 1253 ἀξίους
624 1175 804 1254 τυραννίδος.

219 1277 346 1354 πλείστη
362 1279 420 1357 γὰρ
435 1275 525 1356 ἀρετὴ
539 1274 618 1337 τοῦθ’
633 1273 768 1356 ὑπάρχον
784 1274 817 1336 έν
831 1275 900 1357 βίῳ,

215 1379 269 1457 τὴν
284 1381 408 1457 ἀξίωσιν
423 1384 481 1442 τῶν
497 1383 597 1442 καλῶν
611 1376 644 1439 τὸ
660 1375 733 1456 σῶμ’
750 1376 842 1459 ἔχειν.

134 1483 172 1541 V.
191 1502 217 1542 2.
240 1487 350 1544 Athen.
362 1485 445 1543 Xlll.
460 1504 488 1559 p.
499 1484 559 1559 566
574 1485 602 1542 b.
646 1483 822 1559 Porphyrius
835 1483 866 1538 in
881 1483 1013 1554 εἰσαγωγῇ
1025 1500 1046 1536 s.
1061 1480 1161 1538 libello
1174 1476 1235 1552 περὶ

135 1587 185 1636 τῶν
199 1586 264 1638 ἔπτὰ
277 1585 371 1655 φονῶν
386 1595 464 1641 etex
479 1600 514 1639 eo
529 1582 655 1657 Etymol.
669 1580 711 1637 M.
727 1600 756 1656 p.
775 1594 842 1655 295,
857 1596 907 1653 43.
934 1577 1026 1651 (Gud.
1037 1596 1066 1654 p.
1087 1577 1151 1652 163,
1169 1577 1233 1654 28.)
1350 1587 1353 1591 '

136 1678 268 1735 Eustath.
282 1700 312 1755 p.
321 1697 391 1755 399,
409 1699 454 1737 ιο.
464 1680 551 1751 ἀξίους
564 1678 707 1737 Stoboeus.
725 1677 884 1757 Gregorius
890 1676 1030 1733 Nazianz.
1041 1675 1113 1734 Stel.
1122 1695 1152 1753 p.
1168 1695 1176 1732 ι
1188 1692 1232 1751 17.

135 1778 166 1830 τὸ
179 1771 246 1832 κίδος
259 1776 361 1846 άληθῶς
370 1776 443 1848 ίίξιον
453 1777 611 1849 τυραννίδος.
655 1776 799 1853 Georgius
813 1777 921 1849 Acrop.
934 1773 1010 1830 Hist.
1026 1773 1076 1849 65.
1090 1775 1121 1828 τδ
1135 1775 1233 1845 φρόνη-

135 1872 238 1942 pam-3
250 1873 321 1944 φησί
333 1895 372 1930 τις
385 1879 436 1927 τῶν
449 1877 575 1941 παλαιῶν,
589 1875 737 1946 τυραννίδος
747 1875 820 1946 ἄξιον
833 1876 941 1945 ἔκριναν.

177 2071 311 2129 Stobaeus
323 2071 371 2146 89.
387 2091 416 2147 p.
435 2087 501 2146 502.
673 2009 694 2064 4

220 2167 284 2245 Τὴν
299 2164 323 2229 δ’
340 2165 504 2247 εὐγένειαν,
520 2167 592 2247 πρὸς
607 2172 692 2240 θεῶν,
707 2167 748 2247 μή
761 2194 811 2247 μοι
825 2168 909 2250 λέγε·

222 2271 256 2332 ἓν
270 2268 420 2352 χρήμασιν
435 2266 494 2332 τύδ’
511 2270 586 2332 έστί·
609 2269 649 2349 μὴ
664 2274 784 2350 γαυροῦ,
800 2269 902 2351 πάτερ·

226 2373 321 2456 κύκλῳ
336 2375 394 2453 γὰρ
410 2372 502 2452 έρπει,
518 2375 558 2457 τῷ
572 2375 628 2452 μὲν
644 2372 719 2445 ἔσθ’,
732 2375 749 2435 δ
765 2370 789 2435 δ’
805 2373 858 2437 οὐκ
873 2374 946 2457 ἔχει·

224 2479 348 2537 κοιυοῖσι
363 2472 387 2536 δ’
404 2474 501 2541 αὐτοῖς
514 2472 652 2556 χρώμεθ’·
677 2472 699 2560 ᾧ
715 2475 740 2538 δ’
754 2473 793 2538 δν
808 2476 841 2539 έν
856 2477 954 2555 δόμοις

156 2629 158 2633 .
222 2577 334 2659 χρόνον
348 2579 469 2655 συνοικῇ
484 2581 637 2650 πλεῖστον,
655 2577 739 2644 οὗτος
754 2577 885 2658 εὐγενής.

178 2796 282 2855 Sextus
296 2799 405 2874 Empir.
418 2799 484 2857 adv.
497 2799 592 2858 Math.
605 2800 628 2868 1,
645 2819 655 2857 1
663 2713 694 2874 ξ
706 2821 729 2858 ς.
744 2818 810 2874 271.
826 2815 887 2861 ets.
905 2802 972 2877 278.
988 2799 1159 2858 Plutarchus
1168 2799 1235 2856 Mo-

137 2896 190 2953 ral.
206 2915 235 2971 p.
246 2913 286 2970 34
297 2895 325 2953 d.
352 2896 514 2954 Athenaeus
528 2896 620 2972 IV.p.
637 2912 692 2974 159
703 2897 732 2955 d.
762 2899 894 2957 Stobaeus
909 2915 938 2976 5.
953 2920 982 2978 p.
994 2898 1043 2971 63.
1060 2915 1109 2973 91.
1124 2916 1154 2971 p.
1165 2911 1233 2971 507.

224 2990 276 3066 Μὴ
290 2992 422 3053 πλοῦτον
436 2991 527 3068 είπῃς·
555 2991 622 3072 οὐχὶ
637 2989 770 3068 θαυμάζω
787 2991 857 3054 θεὸν
992 3012 994 3016 ·

225 3089 261 3154 δυ
274 3091 319 3172 χώ
336 3090 473 3157 κάκιστος
486 3093 591 3176 ῥᾳδίως
606 3091 761 3170 ἐκτήσατο.

677 3211 698 3271 6

181 3299 315 3357 Stobaeus
329 3316 378 3373 43.
390 3318 418 3374 p.
427 3315 495 3372 302.

225 3395 362 3475 Λαμπροὶ
377 3392 401 3456 δ’
418 3395 452 3456 έν
467 3395 586 3476 αἰχμαῖς
595 3391 705 3473 Ἀρεος
719 3393 753 3456 έν
767 3418 800 3456 τε
814 3394 977 3475 συλλόγοις

222 3495 263 3575 μή
276 3522 327 3575 μοι
342 3499 379 3559 τὰ
394 3498 498 3577 κομψὰ
511 3496 641 3558 ποικίλοι
655 3496 805 3577 γενοίατο,

223 3597 292 3662 ἀλλ’
309 3601 351 3662 ὧν
366 3599 454 3661 πόλει
470 3602 524 3675 δεῖ,
540 3596 660 3679 μεγάλα
674 3599 873 3676 βουλεύοντες
888 3599 930 3664 εὖ.

137 3705 258 3761 Aristot.
274 3704 359 3760 Polit.
375 3702 429 3759 Ill.
446 3719 473 3768 2,
488 3718 517 3777 5.
540 3705 590 3758 Καὶ
603 3702 742 3775 Εὐριπίδης
755 3706 824 3776 φησί
838 3710 856 3736 “
868 3703 911 3773 Μίγ
924 3726 969 3774 μοι
982 3703 1014 3757 τὰ
1027 3700 1119 3775 κόμψ’,
1130 3700 1190 3756 ἀλλ’
1200 3696 1237 3756 ὧν

137 3804 214 3857 πόλει
226 3801 290 3856 W
319 3802 354 3858 ὡς
366 3799 449 3856 οὖσάν
459 3823 516 3855 τινα
529 3800 660 3874 ίίρχοντος
672 3800 799 3858 παιδείαν.

179 3994 314 4053 Stobaeus
329 3994 378 4051 61.
394 4014 423 4070 p.
434 3993 506 4068 386.
680 3921 698 3987 7

224 4092 269 4168 Τῇ
285 4087 309 4152 δ’
324 4087 486 4170 Ἀφροδίτῃ
501 4088 590 4152 πόλλ’
608 4089 708 4153 ἔνεστι
723 4091 854 4152 ποικίλα·

225 4191 326 4272 τέρπει
340 4216 373 4254 τε
387 4195 446 4273 γὰρ
460 4190 593 4271 μάλιστα
609 4192 656 4254 καὶ
671 4197 763 4254 λνπεῖ
774 4192 910 4272 βροτούς·

225 4295 342 4376 τύχοιμι
356 4294 381 4356 δ’
397 4295 493 4372 αὐτῆς,
508 4292 581 4372 ἡνίκ’
600 4293 683 4357 ἐστὶν
699 4291 830 4372 εὐμενής.
