2850 4898
205 296 270 356 842
643 298 871 358 ΕΥΡΙΠΙΔΟΥ

247 567 381 628 Stobaeus
393 564 444 644 84.
459 588 489 646 p.
505 586 575 644 493.
747 482 765 546 7

288 659 332 726 Ἦ
346 690 404 729 που
421 669 561 745 κρεῖσσον
576 666 627 742 τῆς
641 664 776 746 εὐγενίας

290 765 324 828 τδ
341 772 437 832 καλῶς
450 765 608 846 πράσσειν.

246 970 380 1030 Stobaeus
395 989 443 1046 34.
458 990 488 1048 p.
500 987 569 1048 215.
747 884 766 945 8

292 1069 331 1130 Εί
344 1067 384 1147 μὴ
400 1066 532 1146 καθέξεις
545 1071 704 1149 γλῶσσαν,
721 1065 806 1128 ἔσται
821 1090 870 1128 σοι
886 1065 970 1128 κακά.

246 1303 379 1363 Stobaeus
394 1322 442 1380 71.
457 1325 486 1381 p.
504 1322 572 1378 432.
747 1219 766 1280 9

291 1405 410 1463 Δειλῶν
425 1405 563 1482 γυναῖκες
577 1402 731 1462 δεσποτῶν
745 1398 955 1478 θρασύστομοι.

244 1621 378 1681 Stobaeus
392 1621 511 1679 ibidem.
733 1550 772 1594 10

288 1717 413 1799 Πίφυκε
427 1713 485 1797 γάρ
499 1741 561 1782 πως
571 1716 657 1779 παισὶ
673 1714 818 1794 πολίμνον
832 1715 907 1796 γυνη

290 1824 351 1885 τοῖς
364 1816 497 1900 πρόσθεν
511 1819 529 1897 ἡ
544 1823 666 1899 ζνγεΐσιι
676 1817 802 1901 δευτέρῳ
814 1818 910 1879 πόσει.

203 1934 310 2005 δευτέρα
323 1931 486 1989 Elmsleius.

738 2063 773 2106 11

245 2146 380 2205 Stobaeus
399 2166 463 2204 110.
478 2168 507 2223 p.
524 2146 593 2223 581.

290 2246 411 2322 Πτηνδς
425 2245 545 2316 διώκεις,
562 2238 585 2304 ό
599 2240 715 2316 τέκνον,
731 2244 783 2309 τδς
798 2243 928 2316 ἐλπίδας,

289 2345 345 2427 οὐχ
359 2345 377 2424 ἡ
391 2347 466 2428 τύχη
481 2370 528 2407 σε.
553 2347 604 2423 τῆς
617 2344 707 2427 τύχης
722 2342 747 2407 δ’
761 2344 818 2428 οὐχ
833 2346 874 2412 εἶς
884 2346 999 2426 τρόπος.

676 2547 839 2607 ΑΙΟΛΟΣ.

747 2683 760 2725 Ῑ

243 2765 427 2824 Dicaearchus
440 2768 491 2843 βίη)
501 2768 629 2824 Ἑλλάδος
639 2785 668 2841 p.
681 2784 728 2824 22.
741 2766 874 2825 Hudson.
889 2767 952 2825 sine
964 2767 1084 2825 nomine
1098 2766 1201 2826 fabulae

285 2859 405 2942 Ἕλλην
420 2864 487 2944 γδρ,
504 2864 542 2930 ὡς
558 2864 645 2941 ἔοικε,
661 2866 796 2947 γίγνεται
811 2861 893 2935 Διδς,

288 2969 340 3028 τοῦ
355 2963 378 3028 δ’
395 2967 505 3032 Αἴολος
519 2971 597 3040 παῖς,
612 2969 723 3031 Αίόλοο
739 2967 771 3029 δὲ
783 2966 916 3046 Σίσυφος

286 3065 420 3146 Ἀθάμας
436 3092 468 3130 τε
485 3058 616 3149 Κρηθεύς
631 3068 667 3142 θ’,
684 3070 716 3135 ὅς
730 3066 754 3130 τ’
772 3067 816 3130 ἐπ’
831 3065 979 3149 Ἀλφειοῦ
990 3069 1073 3149 ῥοαῖς

289 3172 359 3232 θεοῦ
372 3170 475 3248 μανεὶς
490 3169 595 3253 ἔρριψε
611 3170 789 3250 Σαλμωνεὺς
800 3171 912 3251 φλόγα.

203 3289 309 3348 Strabo
323 3289 407 3347 VIII.
423 3310 452 3366 p.
466 3290 526 3364 546
540 3291 569 3349 b.
588 3293 695 3349 Almel.
736 3292 771 3346 ‘H
788 3293 818 3346 δὲ
831 3293 955 3361 Σαλμόνη
974 3292 1088 3362 πλησίον
1101 3294 1159 3348 ε’στὶ
1172 3297 1218 3362 τῆς
1231 3297 1300 3366 ὁμω.

201 3388 282 3459 νόμου
296 3387 396 3460 κρήνης,
412 3389 441 3459 ἐξ
454 3388 484 3458 ἧς
495 3389 537 3460 ῥεῖ
549 3392 563 3442 ὁ
576 3389 703 3447 Ἐνιπεύς.
735 3391 861 3460 ἐμβάλλει
879 3389 902 3444 δ’
918 3390 953 3447 εἷς
966 3392 1012 3444 τὸν
1033 3389 1168 3462 Ἀλφειόν,
1187 3396 1301 3448 καλεῖται

201 3485 230 3541 ae*
244 3489 289 3540 νῦν
302 3485 446 3555 Βαρνίχιος.
458 3484 551 3540 τούτου
564 3487 703 3558 ἐρασθῆναι
715 3485 762 3555 τὴν
774 3488 848 3557 Τυρώ
857 3487 984 3556 φασιν·
991 3486 1100 3542 ἐνταῦθα
1111 3489 1162 3560 γὰρ
1174 3491 1301 3554 βασιλεῦ-

202 3603 247 3637 σαι
260 3584 307 3636 τόν
319 3583 417 3654 πατέρα
430 3583 508 3650 αὐτῆς
521 3583 667 3651 Σαλμωνέα,
683 3582 796 3652 καθάπερ
810 3583 851 3636 καί
864 3581 1003 3652 Εὐριπίδης
1016 3584 1043 3638 εἰς
1053 3585 1139 3660 Αίόλιρ
1152 3586 1246 3658 φησίν,

243 3777 435 3850 Stobaeus41.
451 3796 481 3854 p.
499 3795 565 3849 240.
745 3707 762 3751 2

288 3870 406 3933 Δοκεῖτ’
422 3867 461 3931 δν
475 3871 568 3932 οἰκεῖν
582 3874 681 3950 γαῖαν,
700 3872 726 3933 εἰ
740 3869 831 3949 πίνης
842 3868 920 3937 ἅπας

286 3969 361 4036 λαδς
375 3970 560 4033 πολιτεύοιτο
574 3971 728 4032 πλουσίων
743 3970 831 4050 ότερ;

287 4073 340 4136 οὐκ
355 4069 393 4134 δν
407 4071 526 4152 γίνοιτο
542 4071 630 4154 χωρὶς
646 4073 743 4135 ἐσθλὰ
759 4072 807 4134 καὶ
823 4075 906 4146 κακὰ,

286 4169 354 4235 ἀλλ’
371 4170 436 4234 ἔστι
451 4196 494 4237 τις
509 4172 671 4252 σύγκρασις
682 4169 751 4233 ὥστ’
769 4171 850 4254 ἔχειν
866 4178 971 4238 καλῶς.

286 4271 305 4335 ἃ
318 4273 359 4351 μη
373 4271 431 4353 γάρ
446 4275 510 4336 ἔστι
525 4277 565 4358 τῷ
579 4272 692 4352 πένηθ,
710 4275 726 4335 ὁ
740 4276 884 4341 πλούσιος
