2850 4898
529 289 874 351 ΑΠΟΣΠΑΣΜΑΤΙΑ.
1178 287 1244 351 853

180 541 314 600 waoeus
330 541 379 601 81.
394 562 424 618 p.
439 558 510 617 474.
683 472 701 538 7

227 641 338 702 Δεινόυ
352 662 381 701 τι
395 637 506 702 τέκνων
521 640 650 720 φίλτρον
664 640 769 719 ἔθηκεν

226 741 293 808 θεὸς
307 743 481 823 ἀνθρώποις.

180 949 316 1008 Stobaeus
329 966 378 1024 90.
394 969 424 1025 p.
436 963 506 1024 505.
680 863 698 923 8

223 1045 313 1108 Ἀλλ’
327 1043 414 1108 οθδὲν
428 1043 568 1125 ηὑγένεια
582 1043 654 1125 πρὸς
669 1047 706 1107 τὰ
716 1045 862 1126 χρήματα·

224 1147 277 1212 τὸν
293 1150 351 1229 γὰρ
366 1145 506 1210 κάκιστου
520 1150 649 1213 πλοῦτος
664 1148 706 1213 εἰς
720 1148 852 1228 πρῶτους
867 1149 944 1229 ἀγει.

179 1369 315 1428 Stoboeus
330 1388 377 1446 9¹·
392 1389 420 1445 p.
438 1384 507 1444 507.
682 1302 700 1365 9

224 1468 335 1530 Σκαιόν
349 1492 378 1529 τι
391 1466 479 1548 χρῆμ’
495 1468 511 1528 ὁ
528 1469 658 1531 πλοῦτος
672 1467 691 1543 ἤ
713 1467 738 1529 τ’
753 1467 880 1547 ἀπειρία.

178 1689 313 1749 Stobaeus
327 1707 376 1766 97.
392 1713 419 1769 p.
432 1695 502 1769 538.
674 1621 713 1668 10

222 1786 309 1852 Ἀλλ’
325 1789 360 1852 οὐ
374 1791 432 1871 γὰρ
446 1792 539 1871 ὀρθῶς
553 1794 654 1868 ταῦτα,
671 1790 814 1872 γενναίως
826 1793 898 1856 ἴσως

224 1889 361 1971 ἔπραξας,
378 1894 526 1955 αἰνεῖσθαι
541 1893 573 1955 δὲ
588 1896 743 1974 δυστυχῶν
759 1891 818 1972 ἐγὼ

221 1998 310 2070 μισῶ·
341 1993 488 2073 λογισμὸς
501 1996 560 2075 γὰρ
574 1995 702 2074 τοῦργον
716 1993 752 2056 οὗ
768 1996 834 2076 νικᾷ
850 1993 933 2056 ποτέ.

137 2114 175 2174 V.
195 2133 219 2172 1.
233 2117 354 2189 γενναίως
368 2115 391 2171 δ’
406 2116 552 2174 Matthiae.
588 2116 627 2175 V.
643 2133 671 2189 3.
683 2120 764 2189 λόγος
778 2116 940 2173 Porsonus:
962 2113 1010 2171 alii
1024 2113 1126 2173 delent
1137 2118 1198 2190 γάρ.

178 2314 314 2373 Stobaeus
334 2314 399 2373 ¹06.
414 2334 444 2390 p.
456 2315 525 2391 568.
672 2246 707 2289 H

221 2407 310 2473 Ἀλλ’
327 2411 359 2474 εὖ
374 2409 479 2491 φέρειν
493 2410 551 2493 χρὴ
567 2413 723 2492 συμφορὰς
736 2411 790 2474 τὸν
805 2411 920 2492 εὐγενῆ.

177 2629 309 2687 Stobaeus
328 2648 393 2687 110.
407 2650 436 2706 p.
449 2629 518 2706 581.
672 2561 710 2609 η

222 2724 350 2806 Θάρσει·
372 2723 439 2808 τάχ’
459 2724 499 2789 ἀν
513 2725 642 2809 γένοιτο·
665 2724 767 2789 παλλά
782 2751 827 2790 τοι
841 2730 920 2792 θεοῖς

222 2828 277 2892 κάκ
290 2833 349 2891 τῶν
365 2827 503 2892 ἀέλπτων
518 2827 617 2911 εὖπορ’
634 2830 799 2911 ἀνθρώποις
813 2826 911 2891 πέλει.

671 2966 708 3031 ¹3

175 3032 310 3092 Stoboeus
328 3053 394 3110 ¹13·
406 3042 436 3111 p.
452 3035 523 3110 584.

225 3131 397 3212 Σοφῶτεροι
411 3133 469 3213 γὰρ
485 3133 641 3212 συμφορὰς
655 3134 707 3198 τάς
721 3135 779 3194 τῶν
794 3129 889 3196 πέλας

218 3231 329 3301 πάντες
343 3239 466 3314 διαιρεῖν
480 3231 499 3312 ἢ
514 3235 605 3317 τύχας
619 3236 672 3300 τὰς
684 3236 811 3298 οἴκοθεν.

670 3373 709 3433 ¹4

175 3439 307 3497 Stobaeus
324 3440 353 3498 8.
368 3460 397 3516 p.
408 3457 458 3516 97.

216 3532 257 3599 ‘0
272 3536 382 3617 φόβος,
398 3538 471 3600 ὅταν
484 3561 527 3603 τις
541 3538 677 3616 σῶματος
690 3536 788 3616 μέλλῃ
802 3536 869 3618 πέρι

217 3636 321 3718 λέγειν
337 3640 484 3704 καταστὰς
499 3639 541 3705 είς
556 3635 645 3718 ἀγῶν’
662 3638 811 3716 ἐναντίον,

218 3740 253 3802 τό
267 3764 300 3803 τε
317 3738 403 3820 στόμ’
420 3742 462 3807 είς
477 3740 619 3820 ἔκπληξιν
634 3741 798 3822 ἀνθρώπων
814 3742 881 3824 ἄγει

218 3842 273 3905 τὸν
288 3846 360 3905 νοῦν
375 3840 400 3905 τ’
416 3842 553 3924 ἀπείργει
566 3841 606 3922 μὴ
622 3838 727 3921 λε’γειν
742 3840 759 3904 ἀ
776 3843 930 3922 βούλεται·

219 3947 259 4029 τῷ
274 3945 331 4024 μὲν
346 3947 405 4026 γὰρ
421 3945 466 4008 ἔνι
482 3947 624 4016 κίνδυνος,
640 3945 657 4006 ὁ
673 3943 697 4006 δ’
715 3945 809 4030 ἀθῷος
823 3943 917 4024 μένει·

218 4047 296 4125 ὅμως
310 4044 334 4110 δ’
351 4048 454 4130 ἀγῶνα
466 4048 554 4111 τόνδε
568 4044 655 4126 δεῖμ’
671 4048 878 4127 ὑπεκδραμεῖυ·

217 4148 321 4232 ψυχὴν
336 4152 394 4231 γάρ
410 4146 490 4213 ἆθλα
504 4148 661 4229 τιθεμένην
676 4149 750 4227 ἐμὴν
764 4151 833 4229 ὁρῶ.

131 4270 168 4328 V.
180 4270 210 4328 6.
231 4270 304 4329 Cod.
315 4269 402 4328 Paris.
418 4289 436 4328 α
449 4290 491 4346 pr.
507 4290 547 4328 m.
562 4271 728 4344 ὑποδραμεῖν,
740 4287 758 4326 α
772 4286 830 4326 sec.
845 4268 1025 4340 ὑπερδραμεῖν.

627 4384 674 4422 σα
691 4382 706 4421 ο
