2844 4882
160 286 225 355 980
615 290 844 352 ΕΥΡΙΠΙΔΟΥ

198 577 321 635 Αςὶςῑοῐ.
336 577 432 635 Ethic.
448 577 565 636 Nicom.
576 577 615 636 V.
627 597 656 655 9.
677 491 833 654 ’λςιξορήσιιε
844 580 867 636 δ’
879 580 911 636 άν
923 603 973 646 τις,
987 583 1010 636 εἰ
1023 583 1115 639 lm&
1128 583 1274 655 διάρισται

157 677 217 749 περὶ
230 680 277 731 τοῦ
290 675 432 731 ἀδικεῖσθαι
453 678 494 731 καὶ
511 680 558 731 τοῦ
576 678 679 732 ἀδικεῖν·
708 681 872 751 πρῶτονμὲν
888 681 912 734 εἶ
930 681 1004 735 ἔστιν
1017 679 1107 754 ὥσπερ
1123 681 1274 753 Εὐριπίδης

157 771 251 846 εἴρηκε,
266 774 351 846 λέγων
363 772 475 829 άτόπως·

244 867 369 950 Μητέρα
383 866 508 931 κατέκτα
522 867 576 947 τήν
591 867 672 947 έμήν·
695 869 812 952 βραχὺς
825 867 926 953 λόγος·

243 971 318 1032 ἑκὼν
333 972 472 1047 ἑκοῦσαν,
487 966 506 1049 ἢ
521 968 673 1033 θέλουσαν
687 970 744 1053 οὐχ
760 973 845 1035 έκιόν.

156 1099 328 1158 “Michael.
343 1099 502 1176 Ephesium
521 1111 552 1158 et
570 1099 763 1158 Scholiastam
781 1101 871 1158 Paris.
892 1101 947 1160 hos
967 1122 1068 1162 versus
1089 1124 1106 1163 e
1128 1105 1267 1165 Bellero-

155 1199 266 1276 phonte
287 1217 351 1257 eme
372 1199 469 1257 dicere
490 1199 579 1257 didici
593 1218 609 1257 e
624 1199 708 1257 Zellii
730 1211 889 1257 comment.
905 1219 933 1275 p.
948 1218 1014 1276 191.
1036 1201 1186 1277 Equidem
1203 1223 1270 1262 non

153 1297 240 1355 video
260 1297 407 1372 quomodo
426 1297 456 1354 in
472 1296 636 1373 Belleroph.
652 1297 750 1354 locum
763 1298 872 1355 habere
887 1300 1045 1374 potuerim.
1078 1300 1176 1359 Iidem
1192 1302 1268 1360 affe-

153 1404 259 1450 runtur
273 1394 310 1451 ab
324 1394 446 1454 Aristot.
462 1395 558 1453 Ethic.
574 1394 696 1452 Eudem.
712 1394 767 1462 IV,
785 1412 812 1471 7.
843 1396 977 1455 Boisson.
996 1397 1148 1455 κοτέκςον.”
1175 1398 1269 1456 Μιτ-

153 1508 243 1547 αιτιοι.

685 1607 728 1689 56

192 1706 315 1765 Aristot.
331 1707 416 1766 Polit.
432 1707 468 1765 V.
480 1722 507 1781 7,
520 1725 567 1765 αα.
596 1714 631 1779 Ζή
648 1711 675 1765 ἐν
691 1713 747 1767 τοῖς
764 1709 893 1768 τοιαύταις
907 1711 1087 1784 δημοκρατίας
1100 1711 1217 1771 ἕκαστος
1232 1716 1269 1773 ὧς

152 1803 285 1871 βοόλςται,
299 1809 341 1861 καλ
354 1807 390 1864 εἷς
404 1806 419 1861 ό
432 1807 544 1880 χρῄζων,
559 1805 592 1864 ὥς
610 1810 693 1879 φησιν
704 1809 853 1882 Εὐριπίδης.

192 2030 364 2088 Plutarchus
379 2030 484 2088 Moral.
506 2050 535 2106 p.
549 2031 608 2103 480
624 2032 651 2088 d.
683 1961 724 2028 57

237 2125 374 2188 Χαλεποὶ
388 2122 514 2203 πόλεμοι
528 2127 585 2206 γὰρ
600 2126 753 2206 ἀδελφῶν.

191 2339 311 2396 Aristot.
325 2338 420 2396 Ethic.
436 2339 560 2396 Eudem.
576 2339 661 2408 VIII,
677 2253 726 2398 ι5ι8

237 2432 339 2516 Λόγον
354 2435 467 2498 δίκαιον
480 2434 591 2513 μισθὸν
605 2432 644 2499 δν
657 2433 751 2516 λόγου
767 2435 880 2517 φέροις,

238 2536 333 2618 ἔργων
349 2534 373 2599 δ’
390 2538 501 2602 έκεῖνος
516 2536 577 2619 ἔργ’
594 2536 613 2599 ἃ
630 2539 677 2600 καὶ
692 2537 871 2621 παρέσχετο.

726 2703 744 2739 a

190 2780 296 2839 Strabo
310 2782 395 2839 Vlll.
411 2802 439 2859 p.
452 2800 520 2858 379.
545 2788 597 2838 Τοῦ
618 2784 640 2839 δ’
661 2700 709 2839 (IIII
722 2786 862 2857 Εὐριπίδου
883 2785 1018 2856 φήσοντας
1038 2783 1121 2842 οὕτως
1145 2795 1165 2818 “
1180 2787 1264 2845 Ἥκω

147 2880 322 2952 περίκλυστον
342 2880 499 2953 προλιποῦσ’
521 2881 598 2953 άκρον
613 2882 738 2954 Κόρινθον
760 2884 827 2954 ἱερὸν
848 2882 929 2953 ὄχθον
945 2886 1023 2937 πόλιν
1034 2882 1215 2956 Ἀφροδίτας”
1230 2889 1264 2941 τδ

147 2978 322 3049 περίκλυστον
335 2982 391 3047 ήτοι
402 2979 465 3032 κατὰ
477 2979 575 3043 βάθους
588 2981 703 3043 λεκτέον,
719 2980 774 3034 έπιὶ
788 2982 829 3035 καὶ
842 2983 943 3054 φρέατα
957 2982 998 3035 καὶ
1010 2982 1136 3051 ὑπόνομος
1144 2985 1261 3048 λιβάδες

147 3075 265 3144 διήκουσι
286 3075 318 3130 δι’
338 3075 456 3144 αιίτής,ή
476 3077 506 3129 τὸ
524 3077 635 3130 παλαιόν
655 3077 819 3146 ὑποληπτέον
832 3078 879 3147 τήν
892 3077 1018 3149 Πειρήνην
1031 3078 1203 3148 ἐπιπολάζειν
1218 3086 1262 3138 καὶ

147 3172 305 3244 κατάρρυτον
323 3176 406 3226 ποιεῖν
424 3175 454 3227 τό
469 3171 536 3244 όρος.
563 3172 707 3230 Eumdem
722 3173 819 3231 locum
834 3174 962 3250 respeXIt
983 3173 1130 3231 Plutarch.
1146 3175 1261 3236 Moral.

147 3288 177 3343 p.
189 3269 246 3342 767
262 3268 282 3324 f.
305 3271 360 3323 ἐπεὶ
373 3268 396 3323 δ’
405 3267 491 3342 Ἕριος
504 3271 588 3342 ἔθιγεν
601 3273 678 3340 αὐτῆς
691 3270 849 3343 Ἱππολόχου
863 3276 910 3326 τοῦ
925 3275 1076 3338 θεσσαλοῦ,
1092 3270 1169 3327 ὕδατι
1183 3279 1261 3345 χλω-

145 3371 184 3442 ρῷ
203 3370 420 3436 κατακλυζόμενον
440 3367 598 3438 προλιποῦσ’
620 3367 825 3440 Ἀκροκόρινθον,
847 3372 889 3424 καὶ
908 3369 1081 3441 ἀποδράσασα
1104 3367 1193 3444 ᾤχετο
1215 3395 1261 3427 κο-

150 3486 281 3535 σμιως-.

724 3582 743 3637 b

190 3677 293 3735 Cicero
308 3679 363 3753 Ep.
380 3679 415 3735 ad
431 3680 511 3736 Fam.
526 3680 607 3747 XVI,
621 3680 649 3738 8.
664 3596 706 3661 59

232 3777 332 3856 Ψῦχος
347 3776 379 3836 δὲ
394 3778 493 3860 λεπτῷ
510 3778 601 3857 χρωτὶ
615 3776 847 3854 πολεμιώτατον.

187 4007 290 4063 Cicero
305 4007 341 4064 ad
353 4009 416 4064 Att.
427 4006 515 4072 VIII,
528 4008 555 4064 8.
572 4007 666 4066 clem.
679 3921 761 4065 άλῗςκ,
778 4008 887 4067 Strom.
903 4010 957 4068 VI.
969 4030 999 4085 p.
1010 4008 1070 4082 670
1085 4009 1114 4068 b.
1146 4011 1262 4076 Suidas

148 4123 177 4160 v.
192 4105 370 4172 παλαμᾶσθαι,

233 4198 314 4277 Πρὸς
328 4197 408 4260 ταῦθ’
426 4200 443 4259 ό
458 4225 485 4261 τι
500 4199 557 4280 χρὴ
574 4201 620 4262 καὶ
635 4201 833 4279 παλαμάσθω,

234 4300 280 4361 καὶ
295 4304 354 4363 πᾶν
370 4300 413 4363 έπ’
431 4303 495 4377 ἐμοὶ
510 4302 718 4365 τεκταινέσθω’
