2850 4898
217 291 283 354 868
648 290 877 349 ΕΥΡΙΠΙΔΟΥ

217 476 344 546 ἀδελφὸν,
359 477 405 529 οὐκ
415 476 493 546 ἀξιῶν
501 476 664 546 φιλοσοφεῖν
672 474 750 527 αὐτὸν
764 474 824 528 οὐδὲ
838 476 898 546 περὶ
906 474 1032 544 μουσικὴν
1044 475 1199 547 διατρίβειν,
1209 474 1331 530 ἐάσαντα

216 574 264 642 την
277 578 328 626 τῶν
343 573 414 626 ίδίων
428 574 584 641 ἐπιμελειαν·
613 573 665 642 ἔφη
679 572 708 625 δὲ
722 572 800 625 αὐτὸν
813 571 911 626 ἄτοπόν
924 594 981 626 τινα
995 574 1036 626 καὶ
1049 571 1208 645 ἀσύμφορον
1220 575 1331 644 μοῦσαν

216 671 340 742 είσάγειν,
355 668 445 741 ὥσπερ
458 668 490 722 δν
502 671 582 740 τυχὸν
596 666 664 723 ε’ίποι
677 690 717 723 τις
734 669 774 722 καὶ
793 670 825 721 σὲ
839 667 959 738 τοιαῦτην
972 670 1141 742 προειρῆσθαι
1154 672 1263 743 πρᾶξιν,
1278 672 1330 726 οὐκ

215 768 296 840 ἀργὸν
309 767 369 821 οὐδὲ
380 767 501 838 φίλοινον
515 767 641 836 οὐδαμῶς,
657 767 795 838 χρημάτων
805 767 894 852 μέντοι
904 771 956 822 τῶν
966 767 1046 821 αὐτοῦ
1055 765 1170 837 ἀτημελῆ
1179 765 1259 824 ἴσως.
1284 771 1329 823 καί

215 867 244 936 m)
259 866 307 920 Δία
320 867 395 939 λίγοι
409 863 441 920 δν
455 867 496 920 καὶ
509 866 570 919 τόδε
584 867 615 919 τὸ
626 866 690 920 ἔπος

335 961 382 1033 Ἐξ
396 956 431 1016 ἀν
445 965 558 1017 κενοῖσιν
571 960 764 1034 ἐγκατοικήσεις
777 960 876 1030 δόμοις.

213 1057 318 1116 Sextus
337 1058 448 1134 Empir.
464 1057 531 1116 adv.
546 1058 642 1114 Math.
658 1057 711 1122 VI,
729 1074 776 1130 27.
791 1075 821 1132 p.
838 1057 909 1130 362.
938 1058 1050 1130 λέγομεν
1066 1058 1218 1113 τούναντίον
1242 1061 1328 1130 αὐτὴν

211 1155 368 1230 ἀσύμφορον
377 1152 441 1212 είναι
458 1158 498 1211 καὶ
511 1156 602 1229 ἀργὴν,
616 1156 747 1227 φίλοινον,
762 1156 900 1227 χρημάτων
912 1155 1037 1226 ἀτημελῆ.
1072 1163 1092 1188 “
1103 1155 1176 1213 Inde
1194 1156 1326 1216 Porson.

211 1253 248 1312 ud
263 1253 365 1329 Eurip.
381 1252 462 1311 Med.
476 1270 544 1328 139.
557 1252 626 1310 VII.

335 1353 447 1406 Μοῦσάν
459 1349 507 1406 τιν’
520 1352 620 1406 θτοσον
633 1351 758 1423 είσείγεις,
771 1349 939 1423 ἀσύμφορον,

332 1449 422 1521 ἀργὸν,
438 1448 570 1519 φίλοινον,
586 1450 725 1520 χρημάτων
743 1447 867 1516 ἀτημελῆ.

211 1545 317 1602 Prioris
327 1546 424 1603 locum
439 1544 562 1606 fortasse
577 1544 697 1602 tenebat
711 1563 810 1602 versus
824 1545 930 1601 citatus
944 1563 962 1601 ο
976 1545 1106 1602 Porsono
1121 1563 1156 1602 ex
1170 1545 1324 1605 Athenaeo

210 1641 294 1700 XIV.
309 1661 337 1717 p.
349 1640 410 1697 616
425 1661 451 1699 c.
474 1642 620 1700 Plutarch.
630 1643 736 1699 Moral.
750 1662 780 1718 p.
793 1643 854 1716 634
868 1641 888 1698 f.

333 1745 424 1794 Κακῶν
437 1741 572 1812 κατάρχεις
586 1741 664 1810 τηνδε
680 1744 793 1794 Μοῦσαν
806 1741 930 1812 είσιίγαν,

210 1836 287 1912 apud
302 1835 369 1893 illos
382 1836 524 1893 irrisionis
538 1854 626 1894 causa
639 1837 682 1892 ita
695 1835 824 1893 deflexus
838 1834 908 1904 τήνδ’
929 1836 1044 1905 ἐμοῦσαν
1061 1834 1202 1910 εἶσόγον.”
1241 1853 1322 1892 m-

209 1953 300 1991 σοια.

250 2098 360 2157 Stobaei
374 2100 508 2177 Append.
524 2101 601 2176 apud
617 2013 840 2158 Gaisforiigvol.
851 2101 905 2159 IV.
921 2121 949 2177 p.
963 2119 1009 2160 11.

722 2194 783 2262 Ὃς
797 2194 821 2259 δ’
839 2195 1012 2281 εὖγλωσσίη

298 2302 374 2381 νικᾷ,
391 2297 488 2380 σοφὸς
501 2300 567 2377 μὲν,
583 2299 665 2361 ἀλλὰ
679 2300 737 2379 γδρ
749 2301 786 2361 τὰ
799 2297 960 2379 πράγματα

296 2405 437 2482 κρεῖσσον
453 2402 558 2477 νομίζω
574 2406 633 2463 τῶν
647 2401 749 2481 λόγων
763 2402 814 2464 ἀεί
827 2425 911 2463 ποτε.

249 2588 384 2647 Stobaeus
401 2590 446 2646 80.
461 2609 489 2665 p.
503 2608 572 2663 472.
746 2521 785 2586 29

291 2691 347 2756 Ἐκ
361 2693 471 2759 παντὸς
485 2694 523 2757 ἄν
538 2719 581 2760 τις
595 2692 767 2775 πράγματος
781 2697 894 2757 δισσῶν
909 2696 1012 2775 λόγων

294 2797 396 2876 ἀγῶνα
412 2794 482 2859 θεῖτ’
499 2794 548 2873 ἂν,
565 2799 592 2860 εί
605 2795 710 2878 λέγειν
726 2798 771 2874 εἴη
786 2797 894 2877 σοφός.

759 2918 780 2961 0

247 2986 381 3043 Stobaeus
396 3004 423 3060 3.
439 3006 468 3062 p.
480 2986 529 3061 36.
737 2918 756 2983 3

292 3081 337 3144 Τὸ
353 3080 375 3144 δ’
389 3081 517 3148 ἀσθενές
530 3108 588 3160 μου
605 3082 652 3145 καὶ
667 3081 701 3144 τὸ
719 3085 794 3159 θῆλυ
809 3082 947 3159 σώματος

294 3189 386 3250 κακῶς
400 3183 561 3265 ἔμέμφθης·
588 3184 708 3266 καὶγὰρ
726 3186 752 3247 εί
767 3189 891 3265 φρονεῖν
907 3182 979 3265 ἔχω,

292 3290 432 3365 κρεῖσσον
447 3286 507 3348 τόδ’
523 3286 589 3349 ἐστὶ
604 3288 747 3367 καρτεροῦ
760 3285 936 3367 βραχίονος.

249 3475 385 3535 Stobaeus
399 3491 449 3550 52.
465 3495 493 3550 p.
507 3488 577 3550 359.
752 3407 792 3471 31

289 3571 394 3649 Γνώμη
406 3572 464 3651 γὰρ
479 3569 585 3650 ἀνδρὸς
601 3571 633 3634 εὖ
647 3572 704 3650 μὲν
724 3571 872 3633 οἰκοῦνται
881 3571 994 3640 πόλεις,

289 3675 322 3738 εὖ
335 3671 358 3737 δ’
375 3672 464 3743 οἶκος.
482 3675 523 3739 είς
537 3671 561 3735 τ’
578 3675 615 3737 αὖ
630 3674 770 3750 πόλεμον
786 3674 884 3755 ίσχιίει
898 3669 986 3752 μέγα,

293 3775 393 3856 σοφὸν
405 3778 464 3856 γὰρ
480 3776 513 3838 ἓν
527 3778 685 3855 βούλευμα
699 3778 752 3842 τὰς
761 3777 879 3840 πολλὰς
893 3773 984 3857 χέρας

294 3881 370 3962 νικᾷ·
398 3877 454 3941 σὺν
469 3880 552 3963 ὄχλῳ
568 3877 591 3941 δ’
608 3880 720 3959 ἀμαθία
734 3883 835 3958 μεῖζον
851 3877 950 3940 κακόν.

206 3986 241 4043 V.
258 4002 286 4058 3.
298 4000 327 4056 4.
349 3980 429 4040 Sext.
445 3982 555 4057 Empir.
571 3981 636 4040 adv.
653 3983 748 4039 Math.
770 3982 794 4046 1,
816 3999 884 4056 279.
900 3999 929 4056 p.
951 3993 1018 4053 277.
1042 3979 1148 4037 Galen.
1162 3979 1312 4057 Protrept.

202 4083 225 4150 Ι,
241 4102 271 4157 p.
282 4096 330 4155 35.
354 4079 401 4138 ed.
423 4080 520 4137 Kiihn.
542 4081 689 4138 Plutarch.
705 4079 812 4137 Moral.
824 4098 852 4154 p.
865 4093 923 4153 790
938 4097 963 4134 α
984 4077 1122 4134 Eustath.
1134 4096 1164 4152 p.
1181 4074 1248 4142 182,
1259 4094 1312 4150 4²·

202 4179 292 4237 schol.
303 4177 338 4234 ll.
353 4182 382 4243 β,
394 4192 461 4250 372.
477 4189 507 4233 et
520 4189 605 4234 vetus
616 4177 767 4253 inscriptio
781 4186 1012 4234 commemorata
1025 4173 1181 4232 Villoison.
1193 4173 1311 4232 Anecd.

201 4276 251 4333 Gr.
264 4275 303 4333 11.
319 4293 347 4349 p.
367 4291 431 4346 144.
446 4273 482 4329 V.
494 4292 522 4346 4.
544 4274 599 4331 Pro
609 4277 691 4330 πλέον
705 4276 784 4334 Sext.
802 4273 913 4349 Empir.
933 4290 957 4329 1.
972 4290 996 4330 c.
1017 4284 1048 4328 et
1062 4271 1151 4329 schol.
1165 4267 1245 4329 Ven.
1259 4271 1313 4329 ha-

200 4375 272 4430 bent
284 4375 422 4435 πλεῖστον,
436 4369 567 4427 Galenus
583 4373 634 4426 σὺν
647 4370 741 4428 ὅπλοις
755 4372 778 4427 δ’
793 4373 888 4443 ἀμαθία
899 4374 987 4443 χεῖρον
1000 4370 1016 4440 ἢ
1030 4373 1116 4426 κακόν.
