2850 4898
527 299 872 359 ΑΠΟΣΠΑΣΜΑΤΙΑ.

193 586 328 644 Stobaeus
343 602 390 662 57.
406 607 435 663 p.
450 588 520 662 378.
692 519 708 579 7

238 686 321 750 Νοῦς
334 683 352 762 ἡ
365 685 491 765 μεγίστη
507 689 647 763 κρεῖσσον
661 682 680 762 ἢ
694 685 798 765 μικρὸν
813 683 938 766 σκάφος.

694 804 712 866 8

192 893 326 950 Stobaeus
341 906 388 965 52.
404 909 433 965 p.
446 889 515 965 360.

239 991 328 1051 Μισῶ
343 983 367 1047 δ’
383 985 456 1048 ὅταν
472 1011 515 1052 τις
530 988 577 1050 καὶ
591 987 701 1069 χθονὸς
716 987 917 1068 στρατηλάτης

236 1089 277 1168 μὴ
291 1092 365 1152 πᾶσι
379 1086 499 1151 πάντων
514 1089 670 1171 προσφέρῃ
683 1092 872 1172 μειλίγματα,

192 1294 326 1352 Stobaeus
341 1312 388 1369 29.
403 1314 432 1371 p.
444 1311 508 1369 199.
691 1228 709 1289 9

236 1388 291 1452 Ἐκ
305 1395 364 1453 τῶν
379 1390 480 1453 πόνων
493 1414 539 1453 τοι
554 1389 657 1471 τάγάθ’
674 1392 791 1469 αὔξεται
804 1398 934 1473 βροτοῖς·

238 1494 253 1555 δ
269 1490 293 1555 δ’
309 1493 377 1570 ἡδὺς
391 1493 464 1555 albu
477 1493 496 1570 ἡ
511 1492 584 1570 κακή
598 1490 622 1555 τ’
640 1494 769 1572 ἀτολμία

238 1592 297 1658 οὔτ’
314 1594 396 1657 οἶκον
411 1594 478 1657 οὔτε
489 1594 596 1671 βίοτον
610 1594 697 1657 οὐδὲν
712 1595 835 1675 ὠφελεῖ.

151 1715 237 1792 Apud
253 1714 380 1773 eundem
390 1714 417 1772 8.
428 1734 457 1790 p.
471 1730 519 1789 97.
535 1714 571 1772 ad
582 1715 758 1773 Archelaum
773 1716 948 1774 referuntur.

193 1916 327 1974 Stobaeus
338 1933 385 1992 92.
400 1935 428 1992 p.
439 1931 508 1990 512.
686 1847 725 1890 10

238 2015 301 2078 Τδς
316 2011 419 2078 οὐσίας
433 2014 492 2092 γὰρ
506 2015 626 2089 μᾶλλον
639 2009 657 2089 ἢ
671 2014 723 2078 τὰς
737 2014 873 2093 ἁρπαγὰς

237 2117 323 2193 τιμᾶν
337 2115 460 2177 δίκαιον·
485 2114 552 2176 οὔτε
567 2116 624 2194 γὰρ
639 2115 766 2180 πλοῦτός
780 2140 853 2178 ποτε

237 2216 365 2297 βέβαιος
380 2217 531 2282 ἅδικος-.

193 2422 326 2480 Stobaeus
346 2441 409 2480 120.
418 2443 447 2500 p.
457 2423 526 2498 609.
684 2355 718 2396 Η

451 2516 532 2599 Ἐγὼ
548 2520 581 2582 δὲ
596 2519 663 2585 τοὺς
677 2524 774 2586 καλῶς
789 2523 964 2600 τεθνηκότας

236 2624 288 2700 ζῆν
302 2631 377 2703 φημι
391 2625 510 2699 μᾶλλον
525 2624 578 2684 τοῦ
591 2621 721 2700 βλέπειν
735 2623 802 2689 τοὺς
815 2624 854 2702 μὴ
869 2630 973 2692 καλῶς.

193 2828 285 2885 Clem.
296 2828 380 2886 Alex.
392 2827 502 2886 Strom.
516 2828 571 2887 VI.
587 2847 616 2904 p.
628 2828 666 2885 62
675 2758 731 2885 1113.

238 2925 345 2989 Αἰδοῦς
359 2925 391 2986 δὲ
407 2923 510 2990 καύτὸς
524 2924 683 3004 δυσκρίτως
698 2923 758 3005 έχω
774 2924 850 3004 πέρι·

238 3026 285 3090 καὶ
300 3031 347 3090 δεῖ
359 3029 417 3107 γὰρ
432 3025 519 3104 αὐτῆς
534 3026 638 3089 κᾶστιν
653 3026 687 3088 οὗ
704 3025 794 3090 κακὸν
807 3026 895 3108 μέγα.

687 3182 722 3247 ¹3

193 3249 327 3308 Stobaeus
341 3265 357 3325 5
362 3267 390 3323 3.
404 3270 433 3326 p.
443 3251 513 3325 367.

238 3355 358 3417 Κείσθω
375 3354 444 3434 δόρυ
465 3379 515 3432 μοι
529 3358 615 3432 μίτον
630 3354 829 3435 ἀμφιπλέκειν

238 3457 391 3541 ἀράχναις,
407 3461 481 3535 μετὰ
496 3455 520 3521 δ’
535 3458 661 3538 ἡσυχίας
673 3461 768 3542 πολιῷ

238 3559 314 3644 γήρᾳ
329 3561 508 3638 σννοικοίην·

239 3664 364 3742 ἅείδοιμι
379 3663 411 3724 δὲ
426 3660 589 3743 στεφάνοις
604 3660 677 3743 κάρα

237 3762 346 3827 πολιὸν
361 3765 567 3844 στεφανώσας,

239 3867 382 3947 Θρηίκιον
398 3865 512 3929 πέλταν
526 3867 599 3947 πρὸς
614 3864 744 3934 Ἀθάνας

237 3967 403 4047 περικίοσιν
417 3967 605 4048 ἆγκρεμιίσας
621 3968 772 4048 θαλάμοις,

237 4068 350 4132 δέλτων
365 4067 390 4131 τ’
406 4071 623 4149 ἀναπτύσσοιμι
638 4075 738 4152 γῆρυν,

238 4170 276 4235 ἂν
291 4173 384 4254 σοφοὶ
398 4172 544 4236 κλέονται.

152 4294 187 4348 V.
198 4309 221 4350 1.
235 4293 409 4352 Plutarchus
423 4293 483 4352 vit.
498 4314 526 4371 p.
537 4311 596 4372 529
611 4316 636 4353 a.
