2850 4898
152 275 217 346 956
586 281 813 343 ΕΥΡΙΠΙΔΟΥ

153 477 372 571 Fragmenta
398 498 441 545 ex
465 476 583 545 codice
611 476 776 548 Parisino
803 477 849 548 ab
872 477 1038 550 Bekkero
1063 481 1259 572 descripta,

281 601 467 670 emendata
484 601 530 669 ab
549 599 759 672 Hermanno
778 600 924 694 (Opusc.
943 605 1125 698 v01.111.).

693 766 710 811 2

239 847 424 925 Μνῃσθεὶςό
440 846 492 924 μοί
504 844 568 908 ποτ’
585 844 655 926 εἶφ’,
672 845 713 909 ὅτ’
730 846 871 925 εῦνάσθῃ,
887 847 964 926 θεὸς,

239 952 321 1013 αἰτοῦ
335 950 366 1011 τί
377 944 491 1029 χρῄζεις
506 945 559 1010 ἕν’·
575 946 652 1028 πέρα
667 951 724 1030 γὰρ
739 949 773 1013 οὐ
790 949 871 1029 θέμις

237 1056 348 1129 λαβεῖν
363 1070 409 1112 σε·
435 1046 489 1111 κάν
502 1051 558 1128 μὲν
572 1050 730 1133 τυγχάνῃς,
747 1050 821 1133 σάφ’
838 1051 897 1115 ἴσθ’
912 1054 958 1116 ὅτι

238 1157 308 1216 θεοῦ
322 1150 464 1232 πέφυκας
491 1153 518 1213 εί
532 1153 564 1214 δὲ
578 1150 627 1230 μὴ,
643 1152 756 1233 ψευδὴς
771 1155 839 1234 έγό.

173 1263 213 1322 Φ.
236 1262 296 1322 πῶς
310 1256 362 1318 οῦν
377 1251 515 1335 πρόσειμι
527 1257 608 1333 δῶμα
623 1254 732 1336 θερμὸν
746 1252 856 1318 Ἡλίου
870 1284 877 1329 ;

174 1365 210 1424 K.
237 1360 321 1442 κείνῳ
334 1355 460 1436 μελήσει
475 1361 560 1435 σῶμα
573 1356 613 1435 μὴ
626 1357 776 1436 βλάπτειν
790 1358 823 1420 τὸ
838 1356 903 1423 σόν.

172 1468 211 1527 Φ.
238 1464 318 1539 είπερ
332 1458 427 1538 πατὴρ
442 1457 567 1539 πέφυκε,
584 1459 652 1523 κούκ
665 1461 765 1526 άλλως
779 1459 888 1541 λέγεις.

174 1570 211 1628 K.
237 1561 309 1643 σάφ’
326 1564 398 1624 ἴσθι·
429 1561 524 1638 πεύσῃ
540 1559 563 1623 δ’
581 1560 652 1623 αὐτὸ
667 1565 707 1646 τῷ
722 1559 820 1646 χρόνῳ
837 1569 951 1644 σαφῶς.

172 1674 212 1732 Φ.
237 1669 328 1747 ἀρκεῖ·
350 1663 479 1726 πέποιθα
493 1661 550 1744 γάρ
565 1688 602 1726 σε
616 1663 656 1742 μὴ
670 1669 767 1745 ψευδῆ
782 1665 895 1746 λέγειν.

237 1766 306 1834 ἀλλ’
323 1764 384 1848 ἕρπ’
403 1767 433 1832 ές
446 1768 552 1832 οἴκους·
581 1769 627 1829 καὶ
641 1769 700 1848 γὰρ
715 1766 771 1830 αἵδ’
789 1768 844 1845 ἔξω
860 1767 957 1848 δόμων

238 1872 330 1953 δμωαὶ
345 1875 486 1951 περῶσιν,
501 1869 532 1932 αδ
546 1869 656 1950 πατρὸς
673 1869 854 1949 κοιμωμένου

237 1976 375 2055 σαίρουσι
390 1978 481 2052 δῶμα,
499 1972 546 2035 καὶ
561 1970 658 2052 δόμων
674 1972 809 2052 κειμήλια

238 2075 299 2141 καθ’
316 2074 428 2155 ἡμέραν
443 2081 584 2156 φοιβῶσι,
603 2076 790 2157 κάπιχωρίοις

236 2183 361 2258 ὀσμαῖσι
376 2182 518 2256 θυμιῶσιν
534 2178 667 2244 εἰσόδους
681 2180 790 2256 δόμων.

236 2278 347 2345 ὅτανδ’
364 2281 458 2343 ὕπνον
474 2279 591 2361 γεραιὸς
608 2281 736 2342 ἐκλιπὼν
751 2279 847 2359 πατὴρ

236 2386 332 2450 πόλος
347 2384 470 2465 ἀμείψῃ,
488 2383 535 2445 καὶ
549 2384 658 2464 λόγους
674 2381 777 2463 γάμων
791 2380 859 2462 πέρι

235 2487 307 2566 λέξῃ
322 2484 395 2566 πρὸς
408 2485 491 2564 ἡμᾶς,
507 2482 616 2547 Ἡλίου
630 2486 732 2563 μολὼν
747 2486 862 2563 δόμους,

236 2589 303 2655 τοῦς
317 2587 387 2652 σοὺς
402 2585 524 2667 ἐλέγξω,
541 2591 640 2668 μῆτερ,
657 2589 684 2650 εί
699 2593 808 2668 σαφεῖς
821 2587 918 2668 λόγοι.

151 2698 234 2760 XOP
236 2734 618 2754 ........

282 2837 508 2856 .....
555 2795 628 2855 κατὰ
644 2798 701 2873 γᾶν

234 3100 342 3181 μέλπει
357 3101 388 3161 δὲ
404 3097 539 3179 δένδρεσι
553 3100 667 3162 λεπτδν

235 3204 333 3283 ἀηδῶν
348 3201 500 3281 ἁρμονίαν,

236 3308 317 3389 γόοις
331 3301 538 3384 ὀρθρευομένα,

230 3408 313 3472 Ἴτυν
322 3404 405 3469 Ἴτυν
420 3407 619 3485 πολόθρῃνον.

235 3514 381 3592 σύριγγας
395 3510 421 3570 δ’
438 3507 593 3589 οὐριβόται

237 3616 370 3677 κινοῦσιν
384 3610 511 3687 ποίμνας
526 3610 640 3671 έλαταί·

236 3717 373 3797 έγρονται
389 3715 415 3775 δ’
433 3715 475 3778 είς
489 3711 623 3790 βοτάναν

234 3823 345 3897 ξανθᾶν
360 3818 469 3880 πάλων
485 3813 629 3893 συζυγίαι.

234 3920 288 3999 ἤδῃ
303 3921 330 3982 δ’
347 3922 388 3985 είς
403 3918 477 3999 ἔργα
493 3915 615 3995 κυναγοὶ

234 4024 408 4105 στείχουσιν
424 4019 595 4100 θηροφόνοι,

235 4129 340 4205 πηγαῖς
355 4121 378 4185 τ’
395 4120 439 4185 ἐπ’
456 4121 587 4183 ὠκεανοῦ

233 4227 379 4304 μελιβόας
394 4226 497 4289 κύκνος
511 4224 587 4305 ἀχεῖ.
