2850 4898
548 321 895 382 ΑΠΟΣΠΑΣΜΑΤΙΑ.

238 490 329 574 Ἔχει
343 492 376 554 δὲ
392 491 439 554 καὶ
453 488 529 554 τοῦτ’
546 489 614 573 οῦχὶ
627 488 741 570 μικρὸν,
759 489 881 570 εὐγενὴς

242 592 317 672 ἀνὴρ
332 598 506 674 στρατηγῶν
522 593 630 656 εῦιιλεῦ
644 590 668 654 τ’
685 591 764 674 ἔχων
779 589 881 672 φάτιν.

156 697 236 755 Loco
250 697 342 754 altero
357 716 410 773 pro
424 699 479 770 ἔχει
493 709 538 756 est
551 699 637 770 φέρει.

683 792 721 853 16

197 893 297 953 Schol.
312 895 413 971 Eurip.
426 896 526 953 Phoen.
543 911 628 972 1159.

239 996 321 1080 Ἐγὼ
337 1001 369 1062 δὲ
384 997 437 1063 τὸν
452 999 509 1062 σὸν
525 997 604 1080 κρᾶτ’
620 997 792 1080 ἀναστίφαι
807 997 896 1061 θέλω.

690 1119 702 1163 1

196 1203 330 1263 Stobaeus
345 1204 393 1281 89.
409 1225 439 1282 p.
451 1222 521 1280 502.
709 1116 725 1182 7

239 1300 281 1363 Τί
293 1300 319 1362 δ’
334 1298 387 1362 οῦκ
401 1297 440 1363 ἃν
456 1302 499 1380 εἴη
514 1298 644 1382 χρηστὸς
655 1301 761 1378 ὄλβιος
772 1300 885 1380 γεγῶς;

197 1504 332 1563 Stoboeus
346 1506 465 1565 ibidem.
690 1420 727 1481 18

243 1600 296 1680 Μὴ
310 1603 458 1667 πλούσιον
473 1605 533 1682 θῇς·
557 1599 746 1682 ἐνδεέστερος
761 1603 819 1682 γὰρ
833 1598 875 1664 ιῦν

242 1704 380 1771 ταπεινὸς
395 1704 491 1768 ἔσται.
515 1710 594 1768 κεῖνο
610 1702 634 1767 δ’
651 1704 749 1786 ίσχιίει
763 1702 852 1785 μέγα,

241 1810 379 1882 πλοῦτος,
395 1809 503 1889 λαβιίν
517 1833 550 1872 τε
565 1810 671 1871 τοῦτον
687 1805 808 1888 εὐγενὴς
822 1803 905 1887 ἀνήρ.

691 1936 729 2002 19

198 2019 332 2079 Stobaeus
346 2022 466 2081 ibidem.

243 2116 308 2180 Οὐκ
324 2116 388 2181 ἔστι
402 2120 506 2184 πενίας
521 2117 594 2198 ίρὸν,
611 2119 768 2199 αἰσχίστης
783 2119 864 2180 θεοῦ.

244 2222 334 2281 Μισῶ
348 2221 406 2301 γὰρ
421 2220 513 2286 ὄντος
527 2220 635 2285 οἵτινες
650 2221 797 2299 φρονοῦσι
811 2218 877 2297 μὲν,

244 2324 392 2401 φρονοῦσι
406 2319 431 2384 δ’
447 2321 567 2387 οὐδενός
588 2345 625 2403 γε
638 2318 797 2403 χρημάτων
811 2322 894 2400 ῦπερ.

687 2441 729 2487 20

198 2527 332 2584 Stobaeus
347 2546 396 2602 50.
411 2548 440 2604 p.
455 2545 471 2601 3
477 2543 525 2602 57.

245 2623 376 2688 Νεανίας
390 2647 423 2686 τε
437 2623 485 2685 καὶ
499 2621 590 2701 πίνης
605 2622 702 2703 σοφός
716 2619 742 2684 θ’
758 2619 831 2701 ἅμα·

244 2721 324 2788 ταῦτ’
340 2726 382 2791 είς
397 2724 431 2788 ἓν
446 2722 562 2788 ἐλθόντ’
578 2722 632 2803 ἄξι’
650 2724 846 2805 ἐνθυμήσεως.

690 2844 727 2888 21

198 2935 332 2993 Stobaeus
343 2936 393 2993 60.
404 2956 433 3012 p.
446 2937 517 3011 387.

244 3035 396 3112 Κρεῖσσον
407 3035 465 3113 γὰρ
479 3033 548 3096 οὕτε
561 3033 671 3095 δοῦλον
685 3029 744 3094 οὔτ’
761 3030 920 3111 ἐλεύθερον

243 3132 366 3216 τρέφειν
381 3135 519 3200 ἐνοίκοις
534 3132 673 3215 ἀσφαλὲς
687 3139 748 3200 τοῖς
763 3135 911 3216 σώφροσι.

689 3279 730 3325 22

199 3372 334 3432 Stobaeus
351 3392 399 3431 20.
414 3393 442 3450 p.
458 3390 491 3447 17
502 3392 523 3432 ι.

243 3464 337 3550 Ὀργῇ
353 3471 385 3532 δὲ
401 3470 502 3550 φαύλῃ
517 3466 606 3531 πόλλ’
623 3465 718 3531 ἔνεστ’
734 3466 903 3550 ἀσχήμονα.

245 3575 347 3637 Πόλλ’
363 3573 447 3637 ἐστὶν
461 3574 551 3654 ὀργῆς
563 3573 595 3651 ἐξ
610 3569 786 3636 ἀπαιδεύτου
802 3571 886 3635 κακά.

692 3709 730 3776 ²3

199 3794 332 3853 Stobaeus
349 3813 395 3852 20.
410 3815 439 3873 p.
457 3813 523 3871 ¹7²·

244 3893 295 3975 Τῷ
310 3894 369 3972 γὰρ
382 3892 472 3976 βιαίῳ
489 3889 599 3976 κάγρίιρ
613 3890 647 3953 τῦ
657 3890 813 3970 μαλθακὸν

247 3994 288 4058 είς
302 3992 410 4056 ταυτὸν
429 3992 520 4057 ἐλθὸν
535 3997 586 4056 τοῦ
601 3994 672 4057 λίαν
686 3995 854 4074 παρείλετο.

687 4114 728 4176 24

200 4198 373 4256 Plutarchus
387 4200 494 4258 Moral.
509 4219 537 4276 p.
555 4198 630 4257 20d.

246 4319 277 4358 α.
291 4291 401 4369 Πόλλ’,
418 4291 441 4357 ὦ
456 4294 569 4369 τέκνον,
585 4294 780 4377 σφάλλουσιν
793 4291 965 4375 ἀνθρώπους
976 4293 1049 4357 θεοί.

693 4418 712 4456 ο
726 4398 744 4456 d
754 4417 773 4472 4
