2850 4898
501 310 845 372 ΑΠΟΣΠΑΣΜΑΤῙΑ.

160 564 292 622 stobaeus
303 565 396 644 eclog.
411 566 495 643 phys.
504 567 563 623 vol.
575 566 599 624 I.
613 586 643 642 p.
658 501 726 626 216.

203 656 256 726 Ἐς
269 659 378 724 ταυτὸν
391 661 474 740 ἥκειν
488 663 565 744 φημὶ
578 665 631 730 τὰς
644 669 764 744 βροτῶν
778 666 870 747 πίχας

203 760 281 825 τάνδ’
298 761 334 827 θν
349 768 493 828 καλοῦσιν
508 763 610 846 αἰθέρ’,
627 762 650 850 ᾧ
665 763 726 829 τάδ’
744 766 808 829 ἔστι
823 766 869 847 δή.

203 863 288 931 οὕτος
302 864 405 947 θέρους
418 892 451 931 τε
465 867 604 948 λαμπρὸν
619 867 763 947 έκλάμπει
778 867 880 943 σέλας,

202 966 335 1050 χειμῶνά
348 967 373 1032 τ’
388 971 470 1049 αὔξει
484 970 630 1038 συντιθεὶς
643 969 756 1035 πυκνὸν
771 969 872 1054 νέφος,

203 1068 328 1133 θάλλειν
341 1096 375 1134 τε
390 1073 438 1136 καὶ
451 1072 502 1153 μὴ,
516 1076 570 1152 ζῆν
584 1097 617 1136 τε
633 1073 680 1137 καὶ
695 1074 814 1156 φθίνειν
828 1079 915 1138 ποιεῖ.

202 1172 278 1236 οὕτω
293 1175 326 1236 δὲ
340 1178 454 1253 θνητῶν
469 1173 587 1256 σπέρμα
601 1181 660 1239 τῶν
674 1178 730 1255 μὲν
745 1176 865 1260 εὐτυχεῖ

201 1278 323 1359 λαμπρᾷ
341 1276 468 1358 γαλήνη,
488 1283 548 1341 τῶν
563 1279 595 1342 δὲ
610 1285 758 1360 συννεφεῖ
768 1279 871 1353 πάλιν,

93 1445 95 1448 ,
202 1379 293 1452 ζῶσίν
305 1404 339 1442 τε
354 1378 411 1443 σὺν
426 1386 570 1455 κακοῖσιν,
587 1383 616 1445 οἱ
630 1380 654 1445 δ’
670 1383 767 1461 ὄλβου
781 1382 858 1460 μέτα

201 1480 340 1561 φθίνουσ’
350 1482 455 1549 ἐτείοις
468 1488 651 1565 προσφερεῖς
664 1490 888 1565 μεταλλαγαῖς..

155 1696 290 1758 Stobaeus
309 1716 335 1775 7.
345 1721 374 1777 p.
386 1701 433 1759 86.

200 1800 272 1871 Φεΰ,
288 1801 367 1861 τοῖσι
381 1799 566 1879 γενναίοισιν
581 1799 620 1864 ῶς
634 1800 809 1881 ἁπανταχοῦ

200 1897 307 1980 πρέπει
320 1900 471 1983 χαρακτὴρ
481 1900 612 1984 χρηστὸς
627 1903 669 1968 είς
685 1901 846 1984 εὐψυχίαν.

653 2021 672 2082 6

153 2101 288 2162 Stobaeus
306 2124 350 2162 ιο.
362 2125 391 2182 p.
404 2120 471 2180 127.

199 2201 358 2281 Κρείσσωυ
372 2204 430 2283 γὰρ
444 2202 523 2269 οὔτις
532 2198 690 2285 χρημάτων
703 2200 810 2283 πέφυκ’
827 2202 910 2284 ἀνὴρ,

197 2302 278 2381 πλὴν
292 2305 320 2367 εί
330 2325 382 2371 τις·
410 2304 492 2371 ὅστις
507 2302 531 2367 δ’
553 2303 638 2370 οὗτός
654 2305 748 2381 ἔστιν,
764 2303 821 2388 οὐχ
835 2306 904 2387 ὁρῶ.

151 2506 287 2567 Stobaeus
303 2510 347 2568 16.
360 2531 389 2588 p.
407 2527 472 2587 153.
649 2441 666 2505 7

190 2600 300 2673 Ὀστις
314 2608 419 2687 δόμους
432 2609 488 2687 μὲν
501 2608 603 2687 ἥδεται
615 2607 847 2689 πληρουμένους,

196 2707 326 2790 γαστρὸς
340 2707 364 2773 δ’
381 2711 516 2792 ἀφαιρῶν
531 2715 617 2789 σῶμα
631 2711 777 2789 δύστηνον
793 2717 885 2785 κακοῖ,

195 2813 301 2875 τοῦτον
315 2813 421 2892 νομίζω
436 2812 485 2875 καὶ
499 2816 576 2876 θεῶν
590 2816 688 2875 συλῶν
699 2810 803 2893 βρέτη,

195 2916 257 2979 τοῖς
271 2912 425 2995 φιλτάτοις
438 2938 471 2977 τε
485 2913 632 2993 πολέμιον
646 2912 822 2995 πεφυκέναι.

150 3118 284 3178 Βυοῶαιις
295 3119 346 3179 6ο.
360 3141 390 3198 p.
404 3121 473 3197 398.
649 3033 668 3095 8

189 3216 287 3300 Ἔρος
300 3220 359 3300 γάρ
374 3218 468 3301 άργὸν
483 3219 553 3283 κάπὶ
564 3223 626 3286 τοῖς
640 3219 742 3299 ἇργοΐς
758 3216 827 3298 έφυ·

194 3325 281 3403 φιλεῖ
293 3319 442 3402 κάτοπτρα
457 3320 504 3384 καὶ
519 3321 608 3400 κόμης
622 3319 819 3398 ξανθίσματα,

193 3425 300 3506 φεύγει
315 3425 347 3487 δὲ
361 3424 499 3507 μόχθους.
524 3423 558 3487 έν
568 3420 602 3486 δέ
611 3446 662 3501 μοι
676 3420 840 3502 τεκμήριον·

192 3525 287 3593 οὐδεὶς
300 3531 470 3607 προσαιτῶν
483 3525 590 3604 βίοτον
604 3522 719 3605 ἠράσθη
733 3528 862 3604 βροτῶν,

193 3628 227 3690 ἑν
238 3633 299 3695 τοῖς
313 3626 337 3691 δ’
354 3627 479 3710 ἔχουσιν
493 3626 605 3707 ἡβητὴς
618 3621 730 3707 πέφυχ’
747 3626 807 3689 ὅδε.

105 3731 143 3788 V.
163 3749 187 3790 ι.
210 3732 300 3805 ἀργοῖς
321 3731 485 3790 Piersonus.
528 3730 663 3789 Stobaeus
684 3732 779 3805 ἔργοις.
802 3731 864 3787 uini
886 3729 1014 3789 τοιούτοις
1038 3730 1208 3790 Plutarchus

105 3829 213 3889 Moral.
227 3850 257 3908 p.
274 3845 330 3906 757
346 3849 373 3888 α.
391 3829 471 3902 (coll.
489 3831 547 3905 760
562 3829 607 3906 d.)

145 4027 280 4087 Smbaeus
297 4043 344 4103 75.
356 4048 386 4105 p.
401 4041 473 4103 452.
645 3958 665 4023 9

189 4123 268 4203 Γυνὴ
283 4126 340 4206 γὰρ
356 4125 521 4201 ἐξελθοῦσα
535 4118 678 4206 πατρῴαν
692 4121 791 4200 δόμον

190 4225 225 4289 οὐ
234 4229 294 4290 τῶν
307 4226 455 4289 τεκόντων
468 4225 561 4298 ἐστὶν,
577 4224 659 4287 ἀλλὰ
672 4226 725 4287 τοθ
738 4222 857 4306 λέχους·

591 4347 610 4384 κ
625 4345 642 4385 e
655 4345 670 4384 2
