2850 4898
493 288 837 349 ΑΠΟΣΠΑΣΜΑΤΙΑ.
1152 284 1217 352 997

114 462 193 530 ἤγουν
206 459 234 513 ίν
246 461 301 514 τοῖς
314 456 368 513 κατ’
382 459 463 514 οίκίαν
476 461 605 528 λολητὲον
618 457 649 513 ἂν
663 456 700 527 ι’ίη
713 459 760 515 τὰς
782 462 911 531 γυναῖκας,
926 459 976 529 ἔξω
999 458 1028 513 δὲ
1049 460 1096 514 οὐκ
1109 459 1215 529 ε’ξιτίον,

114 557 173 610 οὐδὲ
186 554 333 627 ἀλλοτρίων
344 557 479 627 παρόντων
491 557 586 611 λυτέον
597 557 645 627 την
657 557 760 611 λαλιάν.

637 674 696 759 158

156 777 254 835 Schol.
266 776 300 835 Il.
315 781 348 847 ζ’,
361 796 427 853 239.
441 781 517 853 Παρὰ
530 784 594 852 γοῦν
604 779 730 855 Αίσχόλιρ
744 778 825 837 οὕτως
839 779 946 853 εὕρομεν
961 788 981 811 “
995 784 1055 835 οίίτε
1069 782 1149 850 δῆμον
1162 779 1216 834 οὔτ’

114 877 172 944 ἕτηι
185 874 264 947 ἀνήρ’
279 877 321 931 καί
333 875 394 949 παρ’
414 877 540 949 Εὐριπίδη
554 878 585 931 τό

202 971 299 1032 Πόλει
313 971 369 1048 μὲν
384 972 495 1053 ἄρχων,
512 972 589 1052 φωτὶ
602 969 626 1033 δ’
638 971 692 1034 οὐκ
707 970 757 1050 ἔτη
773 970 903 1051 πρέπων.

116 1074 183 1132 Vid.
198 1075 331 1132 Eustath.
345 1094 376 1150 p.
392 1076 464 1148 641,
476 1091 526 1152 59.

637 1170 695 1237 159

157 1254 257 1316 Schol.
273 1257 342 1315 Eur.
358 1256 410 1314 Or.
422 1256 490 1332 883.
510 1257 569 1313 Ἐπί
582 1260 629 1312 τόν
642 1259 735 1330 εὐτυχῆ
749 1281 756 1322 ;
779 1260 819 1313 καί
833 1260 861 1314 ἐν
869 1260 960 1318 ἄλλοις
970 1262 1034 1315 κατὰ
1044 1265 1096 1315 τῶν
1104 1258 1218 1333 κηρύκων

69 1431 72 1435 .
116 1355 189 1428 λίγει
204 1354 245 1409 ὅτι

203 1449 253 1512 ἆεί
264 1473 336 1511 ποτε
353 1450 369 1481 ⁴*
386 1448 504 1531 σπέρμα
520 1450 650 1530 κηρύκων
664 1448 770 1514 λάλον.

117 1553 229 1631 Musgr.
238 1553 279 1608 ἀεί
287 1553 345 1608 ποτ’
359 1555 427 1610 ἐστι’.

639 1633 699 1696 160

156 1720 364 1795 Theopompus
378 1720 456 1795 apud
472 1721 578 1777 Athen.
590 1719 642 1776 IV.
664 1740 694 1796 p.
710 1721 761 1795 165
774 1721 802 1777 b.
824 1725 874 1777 Καὶ
889 1722 1216 1793 θεόπομποςδένόδυσ.

117 1819 162 1870 σεῖ
173 1818 234 1887 ἔφη,
249 1816 390 1888 Εὐριπίδου
403 1816 527 1889 τᾶριστον
540 1818 571 1871 οὐ
585 1822 665 1873 κακῶς
678 1819 749 1888 ἕχον,

202 1910 364 1991 τάλλότρια
378 1914 508 1973 δειπνεῖν
524 1909 577 1973 τὸν
592 1915 688 1976 καλῶς
703 1911 871 1987 εὐδαίμονα.

639 2030 695 2093 161

157 2116 340 2191 Antiphanes
350 2114 427 2190 apud
442 2115 550 2171 Athen.
565 2114 640 2191 X.p.
652 2117 713 2189 446
728 2136 753 2173 a.
787 2119 934 2190 Παραδίδον
953 2117 976 2172 δ’
994 2121 1053 2189 ἑξῆς
1072 2119 1128 2189 ἐμοὶ
1148 2115 1218 2173 οίνον

116 2213 291 2286 ἀρκεσίγυιον,
307 2213 341 2269 ὧν
354 2211 449 2284 ἔφασκ’
464 2213 613 2284 Εὐριπίδην.
636 2213 714 2270 Hinc
729 2213 861 2271 Eustath.
878 2233 906 2289 p.
921 2213 988 2289 761,
1000 2231 1048 2286 30.

640 2326 699 2389 162

159 2412 291 2469 AEschin.
304 2411 334 2468 in
349 2411 495 2468 Timarch.
511 2431 539 2487 p.
554 2411 599 2480 18,
615 2429 658 2487 15.
681 2413 719 2470 H.
730 2412 832 2489 steph.
847 2433 876 2489 p.
892 2432 956 2487 141.
972 2413 1071 2470 Reisk.
1087 2413 1219 2487 Εὑρὴσετε

120 2513 165 2565 τὸν
178 2512 318 2584 Εὐριπίδην
341 2511 548 2582 ἀποφαινόμενον
568 2512 614 2581 τὴν
633 2512 692 2566 θεὸν
705 2511 800 2580 ταύτην
814 2513 844 2565 οὐ
858 2514 936 2582 μόνον
950 2513 1011 2568 τοὺς
1025 2514 1120 2579 ζῶντος
1134 2512 1219 2582 ε’μφιι.

119 2608 194 2675 νίζειν
207 2610 355 2678 δυναμένην,
364 2609 451 2663 ὁποῖοί
463 2631 529 2666 τινες
542 2607 574 2663 ἂν
587 2610 752 2681 τυγχάνωσιν
762 2608 844 2672 ὄντες,
856 2608 926 2664 ἀλλὰ
939 2610 1055 2666 καὶτοὺς
1068 2612 1217 2678 τετελευτη-

119 2708 205 2771 κότας,
220 2705 282 2761 ὅταν
292 2709 357 2779 λέγη

205 2799 292 2879 Φήμη
306 2799 360 2863 τὸν
374 2800 487 2864 ἐσθλὸν
503 2801 558 2864 κόν
571 2804 655 2886 μυχῷ
670 2802 800 2863 δείκνυσι
815 2803 878 2881 γῆς.

120 2905 263 2963 Eumdem
274 2924 391 2963 versum
406 2905 529 2963 afferens
543 2903 624 2962 Suid.
639 2923 667 2962 ν.
677 2905 751 2977 φήμη
765 2905 852 2963 habet
865 2907 893 2961 ἐν
906 2910 1008 2978 μυχοῖς.

641 3025 679 3088 16

160 3131 306 3188 Antonius
320 3130 432 3188 Meliss.
447 3129 494 3188 ed.
504 3130 636 3187 Wechel.
656 3046 699 3206 p.3
699 3130 767 3204 807.
788 3142 818 3187 et
832 3129 861 3188 S.
872 3131 994 3189 Maxim.
1008 3131 1041 3188 T.
1052 3131 1090 3188 ΙΙ.
1106 3150 1136 3206 p.
1148 3129 1218 3202 684.

121 3227 168 3286 ed.
181 3227 339 3285 Combefis.

208 3322 339 3390 Βίβαιον
353 3320 439 3385 οὐδέν
452 3325 535 3385 ἐστιν
551 3324 584 3384 ἐν
599 3326 713 3400 θνητῶν
728 3321 821 3402 γε’νει·

206 3430 273 3506 βιοῖ
284 3428 342 3506 γὰρ
356 3424 451 3490 οὐδεὶς
465 3424 501 3487 δν
516 3429 697 3506 προαιρεῖται
711 3425 832 3505 τρόπον.

642 3537 702 3615 164

162 3623 297 3683 Stobaeus
314 3643 360 3680 20.
374 3644 404 3700 p.
419 3639 485 3698 172.

205 3718 314 3802 Ὀργαὶ
328 3722 387 3801 γὰρ
401 3720 583 3800 ἆνθριίποισι
598 3722 752 3798 συμφορᾶς
765 3721 823 3782 {nro

208 3823 312 3900 δειναὶ,
325 3821 439 3888 πλόνος
453 3846 486 3885 τε
501 3822 603 3904 καρδία
616 3821 823 3901 προσίσταται.

642 3933 702 4015 165

163 4019 295 4076 Stobaeus
312 4038 358 4076 20.
373 4040 401 4096 p.
417 4035 482 4094 ¹7¹·

210 4112 307 4176 Πόλλ’
324 4115 406 4179 ἔστιν
421 4116 510 4196 ὀργῆς
524 4118 574 4192 τῆς
587 4115 763 4177 ἀπαιδεύτου
779 4115 861 4177 κακά.

620 4246 711 4284 Mm2
