2850 4898
516 305 861 366 ΑΠΟΣΠΑΣΜΑΤΙΑ.
1174 303 1239 370 849

670 499 683 541 1

180 583 315 642 Stoboeus
328 582 437 641 ibidem
452 602 480 658 p.
487 600 557 657 493.
689 495 706 561 7

226 679 290 742 Οίικ
304 678 387 742 ἔστιν
402 680 436 741 ἐν
452 683 586 741 κακοῖσιν
600 676 746 759 εὐγένεια,

224 778 293 861 παρ’
309 780 449 861 ἀγαθοῖσι
464 778 488 843 δ’
505 782 630 861 ἀνδρῶν.

671 881 709 943 18

181 987 275 1045 clem.
290 987 374 1044 Alex.
390 985 498 1044 Strom.
513 985 567 1044 VI.
582 1006 612 1062 p.
625 985 694 1043 621.

226 1083 342 1164 Χρόνος
356 1083 388 1144 δὲ
403 1082 491 1160 δείξει
506 1078 545 1154 σ’,
563 1078 587 1167 ᾤ
601 1083 744 1167 τεκμηρίῳ
757 1083 860 1160 μαθων

226 1183 244 1263 ἢ
260 1183 394 1268 χρηστὸν
408 1184 481 1247 ὄντα
495 1185 650 1266 γνώσομαι
664 1182 702 1245 σέ
716 1185 747 1266 γ’
759 1181 777 1262 ἣ
793 1187 893 1249 κακόν.

673 1321 712 1386 Ῑ9

182 1408 306 1486 Longin⁴
321 1427 347 1465 c.
362 1421 408 1482 15.
428 1407 525 1478 Ὀμοια
538 1409 579 1463 καὶ
592 1409 625 1462 τά
638 1408 680 1463 ε’πλ
692 1411 738 1478 τῆς
752 1410 906 1482 Κασάνδρας
919 1411 989 1486 αὐτῷ
1003 1408 1157 1484 (Εὔριπίθη)

226 1501 314 1566 Ἀλλ’
329 1500 353 1564 ἀ
368 1504 509 1583 φίλιπποι
523 1507 676 1583 Τρῶεο-.

669 1641 710 1687 20

184 1708 319 1767 Stobaeus
338 1726 403 1766 110.
413 1728 443 1784 p.
456 1708 524 1783 581.

227 1802 354 1883 Ἑκάβη,
370 1804 404 1866 τὸ
419 1808 501 1867 θεῖον
516 1805 554 1871 ὡς
567 1805 698 1867 ἄελπτον
714 1804 833 1888 ἔρχεται

229 1911 391 1986 θνητοῖσιν,
410 1905 490 1968 ἕλκει
505 1904 528 1970 δ’
545 1904 643 1970 οὔποτ’
661 1909 694 1969 ἑκ
705 1907 812 1970 ταύτοῦ
826 1909 925 1990 τύχας.

675 2026 709 2072 21

185 2112 284 2170 Schol.
299 2112 448 2187 An'stoph.
464 2112 539 2169 Rau.
553 2130 618 2168 100.
650 2113 752 2185 (αἰθέρα
770 2114 832 2168 Διὸς
849 2113 985 2184 δωμάτων,
1007 2113 1023 2183 η
1040 2115 1136 2187 χρόνον
1148 2115 1240 2184 πόδα.)

144 2213 173 2283 ἐξ
182 2210 354 2283 Ἀλεξόνθρατ
367 2210 507 2281 Εὐριπίδου

232 2305 291 2368 Καὶ
302 2305 414 2387 χρόνον
428 2305 592 2385 προῦβαινε
602 2305 685 2370 πούς.

675 2423 714 2471 22

187 2511 495 2590 Ηεεγςίιίιια,”λρρητος
511 2514 584 2584 κόρηι
607 2511 623 2581 ἦ
637 2513 804 2585 Περσεφόνη.
825 2513 964 2584 Εὐριπίδης
976 2512 1143 2587 Ἀλεξάνδρᾳ.

187 2722 233 2780 Ad
255 2723 331 2780 hanc
353 2721 481 2780 fabulam
496 2723 682 2801 Musgruvius
702 2724 803 2781 retulit
821 2723 968 2782 Plutarchi
982 2725 1089 2784 ΜοτοΙ.
1100 2746 1130 2802 p.
1143 2728 1197 2785 821
1215 2728 1243 2785 b.

143 2823 247 2894 Ὠσπερ
266 2820 312 2876 οὖν
333 2824 379 2890 τῆς
402 2823 555 2895 Κασάνδρας
575 2821 720 2893 ἀδοξούσης
739 2822 861 2891 ἀνόνητος
882 2821 913 2891 ἦν
935 2823 949 2892 ἡ
969 2826 1075 2894 μαντικν)
1095 2829 1150 2882 τοῖς
1170 2828 1245 2881 πολί-

147 2942 203 2976 ταις

204 2963 211 2985 ι
229 3008 382 3092 Ἀκραντα
396 3012 454 3095 γάρ
467 3038 505 3091 με
522 3012 645 3093 (φησὶν)
663 3012 748 3091 ἔθηκε
764 3013 914 3087 θεσπίζειν
928 3011 1004 3086 θεός,

235 3114 283 3176 καὶ
296 3114 368 3195 πρὸς
382 3116 538 3179 παθόντων
554 3116 608 3177 κάν
624 3119 740 3177 κακοῖσι
756 3113 897 3192 κειμένων

236 3215 317 3296 σοφὴ
333 3214 485 3294 κέκλημαι,
500 3216 569 3297 πρὶν
582 3220 690 3279 ποθεῖν
704 3217 737 3278 δὲ
750 3217 901 3295 μαίνομαι.

397 3487 621 3547 ΑΛΚΜΑΙΩΝ
645 3487 673 3547 Ο
701 3488 773 3546 AIA
795 3486 995 3546 ΨΩΦΙΔΟΣ.

692 3621 704 3664 l

192 3706 313 3762 An'stot.
326 3705 393 3763 Eth.
409 3705 463 3762 III.
480 3725 504 3776 1,
516 3705 544 3763 8.
560 3705 636 3762 Ἐνια
658 3707 681 3763 θ’
703 3706 768 3762 ’ίσωτ
787 3707 833 3760 οὐκ
857 3707 931 3760 ἔστιν
953 3704 1153 3777 ἀναγκασθῆναι,
1176 3706 1247 3761 ἀλλὰ

151 3806 254 3872 μᾶλλον
266 3802 425 3867 ἀποθνητέον
438 3805 554 3860 παθόντα
568 3806 601 3859 τὰ
613 3806 755 3860 δεινότατα·
771 3805 812 3858 καὶ
822 3804 873 3876 γὰρ
883 3805 929 3858 τὸν
939 3803 1080 3875 Εὐριπίδου
1087 3802 1248 3874 Ἀλιψοίωνα

150 3902 242 3972 γελοῖα
254 3900 373 3972 φαίνεται
386 3902 419 3954 τά
431 3901 610 3975 ἀναγκάσαντα
622 3904 835 3976 μητροκτονῆσαι.
857 3900 909 3958 ubi
923 3901 1013 3959 schol.
1028 3905 1074 3956 τὸν
1082 3901 1250 3975 Ἀμφιαράου

152 3998 231 4051 παῖδα
245 4001 347 4062 τοῦτον,
363 3991 408 4071 ᾦό
420 3999 506 4071 πατὴρ
518 3999 618 4054 ἀνελεῖν
631 4002 677 4070 τὴν
689 4002 786 4072 μητέρα
799 4000 956 4072 ἐπέσκηψεν·
980 4001 1003 4055 εί
1016 4001 1044 4056 δι’
1058 4002 1103 4071 μὴ,
1117 4004 1192 4057 ἔσται
1205 4004 1251 4056 τὸν

152 4096 251 4166 πατέρα
263 4097 363 4159 λυπῶν,
379 4093 407 4151 ὃς
421 4096 451 4148 οὔ
465 4094 498 4150 δι’
513 4096 586 4166 ἀξίας
599 4097 681 4153 αίτίατ
693 4101 775 4152 ποιῶν
788 4101 865 4151 τοῦτο
881 4099 1030 4170 ίστορεῖται.
1062 4097 1180 4157 Ἀλλως.
1198 4121 1249 4155 πα·

152 4193 284 4266 ρατίθεται
294 4195 340 4247 τὸν
353 4192 413 4266 παρ’
426 4194 552 4264 Εὐριπίδη
566 4192 737 4264 Ἀλκμαίωνα,
752 4194 786 4250 ὥς
799 4192 832 4249 δι’
846 4195 937 4264 εὐτελῆ
951 4197 1009 4251 τινὰ
1022 4197 1193 4268 ὑπομείναντα
1202 4221 1249 4268 μη-

153 4292 332 4361 τροκτονῆσαι·
355 4292 427 4363 λέγει
440 4295 490 4364 γὰρ
502 4290 563 4362 παρ’
576 4292 645 4366 αὐτῷ
656 4294 671 4345 ό
683 4290 828 4363 Ἀλκμαίων
