2850 4898
197 279 262 342 888
635 280 864 340 ΕΥΡΙΠΙΔΟΥ

286 446 334 510 καὶ
348 449 444 509 θεοῖσι
458 447 544 508 τούτο
560 445 659 522 δόξαν,
676 442 714 511 ὣς
729 448 835 524 σαφιῖς
847 442 941 526 λέγω,

284 549 390 630 θηρσίν
404 571 438 611 τε
453 550 537 620 πᾶσι,
552 546 642 610 τέκνα
656 547 807 610 τίκτουσιν
821 551 933 628 φιλεῖν·

284 653 322 715 τδ
336 648 359 714 δ’
376 651 457 714 ἄλλα
469 649 559 732 χωρὶς
572 650 700 733 χριόμεθ
716 648 859 729 ἀλλήλων
874 650 983 729 νόμοις.

240 858 374 917 Stobaeus
386 875 436 933 50.
450 877 478 934 p.
492 873 561 933 357.
738 786 758 852 5

284 952 373 1026 Νίος,
389 954 491 1020 πόνοις
505 951 540 1016 δί
553 953 582 1035 γ’
596 953 649 1016 οὐκ
663 954 852 1035 ἀγύμναστος
866 952 986 1037 φρένας.

199 1063 305 1116 πόνοισι
318 1059 340 1114 δ’
356 1060 403 1113 οὐκ
416 1058 614 1135 MusgrnviuS.

240 1256 375 1316 Stobaeus
389 1257 439 1316 62.
455 1277 485 1334 p.
498 1276 569 1335 399.
738 1172 758 1234 6

289 1355 399 1434 Κύπρις
412 1356 470 1435 γὰρ
484 1354 552 1417 οὐδὲ
567 1351 782 1433 νουθετουμίνη
796 1355 889 1436 χαλᾷ,

285 1455 322 1535 ἤν
337 1453 361 1518 τ’
378 1455 415 1519 αὐ
428 1455 527 1534 βιάζῃ,
543 1461 663 1536 μᾶλλον
678 1458 821 1520 ἐντείνειν
835 1462 931 1539 φιλεῖ,

288 1560 411 1623 κᾶπειτα
425 1561 515 1623 τίκτει
529 1561 672 1638 πόλεμον·
696 1562 737 1627 είς
751 1559 777 1623 δ’
792 1558 960 1624 ἀνάστασιν

289 1659 387 1738 δόμων
399 1659 533 1741 περαίνει
547 1658 694 1726 πολλάκις
708 1663 746 1723 τὰ
759 1659 870 1725 τοιάδε.

202 1761 239 1821 V.
255 1782 279 1820 1.
292 1781 319 1820 ο.
346 1764 477 1822 Galenus
492 1764 528 1822 V.
543 1784 571 1841 p.
588 1782 653 1839 ¹49·
677 1765 809 1823 charter.
829 1764 880 1839 (V.
895 1782 926 1841 p.
941 1780 1010 1836 411.
1024 1762 1139 1835 Kuhn.)
1170 1762 1221 1820 ubi
1236 1782 1265 1820 v.
1278 1779 1307 1821 2.

201 1859 234 1916 δν
246 1864 307 1936 γάρ.

245 2058 379 2117 Stobaeus
394 2059 441 2116 81.
455 2078 485 2137 p.
495 2076 565 2134 474.
745 1989 762 2050 7

290 2153 413 2236 Πατέρα
427 2180 460 2218 τε
474 2158 579 2219 παισὶν
592 2155 684 2236 ἡδέως
698 2155 895 2239 συνεκφέρειν

290 2258 398 2339 φίλους
413 2257 521 2339 ἔρωτας
536 2258 694 2337 ἐκβαλόντ’
711 2261 864 2334 αὐθαδίαν,

290 2360 396 2427 παῖδάς
409 2386 442 2425 τε
456 2363 553 2444 πατρί·
572 2363 617 2426 καὶ
632 2366 690 2445 γὰρ
705 2363 758 2427 οὐκ
772 2364 940 2444 αὐθαίρετοι

290 2468 411 2545 βροτοῖς
425 2463 541 2544 ἔρωτες,
557 2463 617 2527 οὐδ’
636 2466 757 2528 ἑκουσία
773 2467 873 2533 νόσος.

293 2568 399 2629 σκαιόν
413 2592 441 2630 τι
455 2567 490 2646 δὴ
505 2567 538 2630 τὸ
553 2571 651 2650 χρῆμα
665 2570 824 2650 γίγνεσθαι
839 2575 936 2651 φιλεῖ,

293 2673 369 2732 θεῶν
385 2668 517 2751 ἀνάγκας
531 2671 613 2737 ὅστις
628 2673 730 2734 ῖᾶσθαι
745 2672 839 2736 θέλει.

249 2875 384 2934 Stobaeus
399 2876 493 2954 eclog.
508 2878 591 2953 phys.
606 2877 665 2935 vol.
683 2896 706 2934 1.
722 2789 831 2953 p.8272.

294 2972 389 3037 Φίλος
403 2974 461 3052 γὰρ
476 2972 513 3051 ἦν
526 2994 585 3050 μοι·
610 2973 661 3035 καί
671 2970 699 3050 μ’
713 2972 785 3054 ἔρως
800 2973 865 3035 ἕλοι
878 2974 951 3035 ποτὲ

296 3075 348 3138 οὐκ
363 3077 404 3140 είς
418 3073 452 3136 τὸ
467 3079 575 3154 μῶρον,
592 3073 661 3137 οὐδέ
674 3070 702 3151 μ’
720 3075 761 3138 είς
776 3074 890 3153 Κύπριν
904 3071 1030 3154 τρέπων.

297 3174 364 3240 ἀλλ’
382 3176 446 3238 ἔστι
461 3174 496 3255 δή
510 3201 553 3241 τις
567 3177 661 3243 άλλος
675 3179 708 3239 ἐν
722 3181 843 3258 βροτοῖς
858 3177 941 3259 ἔρως,

296 3282 397 3361 ψυχῆς
411 3279 523 3344 δικαίας
537 3279 694 3360 σώφρονός
708 3303 740 3342 τε
756 3280 894 3360 κάγαθῆς.

299 3383 346 3445 καὶ
359 3386 435 3464 χρῆν
451 3384 482 3444 δὲ
498 3387 559 3449 τοῖς
571 3388 710 3463 βροτοῖσι
725 3381 802 3445 τόνδ’
820 3381 896 3445 εἶναι
912 3384 1013 3462 νόμον,

298 3490 357 3548 τῶν
372 3486 578 3564 εὐσεβούντων
593 3482 699 3549 οἵτινές
713 3509 750 3565 γε
764 3486 920 3565 σώφρονες

300 3589 380 3669 ἓρᾶν,
398 3590 510 3668 Κύπριν
525 3586 625 3663 δὲτὴν
641 3587 713 3653 Διὸς
727 3589 843 3668 χαίρειν
859 3588 923 3650 ἐᾶν.

214 3693 252 3750 V.
262 3711 290 3767 3.
305 3711 335 3764 4.
358 3691 528 3747 Plutarchus
542 3690 647 3748 Moral.
663 3710 692 3766 p.
703 3710 733 3748 11
750 3710 775 3748 e.
799 3703 829 3749 et
843 3711 878 3749 ex
892 3690 1162 3768 Euripidis'l'heseo
1178 3687 1315 3746 Stobaeus

215 3806 243 3866 5.
255 3811 284 3866 p.
297 3789 346 3863 63.
361 3787 412 3845 ubi
425 3787 507 3844 locus
521 3788 603 3846 deest
617 3790 647 3846 in
664 3790 752 3848 Paris.
762 3791 798 3846 A.

256 3987 390 4045 Stobaeus
404 3987 523 4047 ibidem.

295 4080 416 4146 Ὀντων
431 4085 463 4147 δὲ
478 4084 590 4147 παίδων
606 4085 653 4147 καὶ
666 4086 833 4165 πεφυκότος
846 4084 962 4167 γένους,

302 4185 417 4251 καινοὺς
432 4191 576 4267 φυτεῦσαι
591 4191 696 4252 παῖδας
711 4189 744 4250 ἐν
759 4190 858 4266 δόμοις
873 4188 980 4260 θέλεις,

302 4286 414 4369 ἔχθραν
427 4290 572 4370 μεγίστην
584 4294 666 4352 σοῖσι
683 4290 871 4369 συμβάλλων
884 4290 1007 4358 τέκνοις.
