<?xml version="1.0" encoding="UTF-8"?>
<!DOCTYPE html PUBLIC "-//W3C//DTD XHTML 1.0 Transitional//EN"
    "http://www.w3.org/TR/xhtml1/DTD/xhtml1-transitional.dtd">
<html xmlns="http://www.w3.org/1999/xhtml" xml:lang="en" lang="en">
 <head>
  <title>
</title>
<meta http-equiv="Content-Type" content="text/html;charset=utf-8" />
  <meta name='ocr-system' content='tesseract 3.04.00' />
  <meta name='ocr-capabilities' content='ocr_page ocr_carea ocr_par ocr_line ocrx_word'/>
</head>
<body>
  <div class='ocr_page' id='page_1' title='image "./tragoediaesuper00eurigoog_0528.png"; bbox 0 0 2850 4898; ppageno 0'>
   <div class='ocr_carea' id='block_1_1' title="bbox 204 251 869 317">
    <p class='ocr_par' dir='ltr' id='par_1_1' title="bbox 204 251 869 317">
     <span class='ocr_line' id='line_1_1' title="bbox 204 251 869 317; baseline -0.006 0"><span class='ocrx_word' id='word_1_1' title='bbox 204 251 269 317; x_wconf 79' lang='lat'>954</span> <span class='ocrx_word' id='word_1_2' title='bbox 642 255 869 313; x_wconf 69' lang='grc' dir='ltr'><strong>ΕΥΡΙΠΙΔΟΥ</strong></span> 
     </span>
    </p>
   </div>
   <div class='ocr_carea' id='block_1_2' title="bbox 199 423 1308 2194">
    <p class='ocr_par' dir='ltr' id='par_1_2' title="bbox 202 423 1308 674">
     <span class='ocr_line' id='line_1_2' title="bbox 204 423 1308 498; baseline 0.003 -20"><span class='ocrx_word' id='word_1_3' title='bbox 204 427 271 495; x_wconf 84' lang='grc' dir='ltr'>ξειεν</span> <span class='ocrx_word' id='word_1_4' title='bbox 285 426 299 476; x_wconf 87' lang='grc' dir='ltr'>δ</span> <span class='ocrx_word' id='word_1_5' title='bbox 315 424 384 494; x_wconf 81' lang='grc' dir='ltr'>παρὰ</span> <span class='ocrx_word' id='word_1_6' title='bbox 405 427 442 497; x_wconf 79' lang='grc' dir='ltr'>τῷ</span> <span class='ocrx_word' id='word_1_7' title='bbox 459 428 551 493; x_wconf 72' lang='grc' dir='ltr'>ποιητῇ</span> <span class='ocrx_word' id='word_1_8' title='bbox 564 423 727 496; x_wconf 73' lang='grc' dir='ltr'>Ἀμφιάρεως</span> <span class='ocrx_word' id='word_1_9' title='bbox 744 425 949 498; x_wconf 83' lang='grc' dir='ltr'>παραμυθεῖσθαι</span> <span class='ocrx_word' id='word_1_10' title='bbox 969 426 1016 494; x_wconf 77' lang='grc' dir='ltr'>τὴν</span> <span class='ocrx_word' id='word_1_11' title='bbox 1027 424 1189 498; x_wconf 79' lang='grc' dir='ltr'>Ἀρχεμόρου</span> <span class='ocrx_word' id='word_1_12' title='bbox 1206 428 1308 498; x_wconf 74' lang='grc' dir='ltr'>μητέρα</span> 
     </span>
     <span class='ocr_line' id='line_1_3' title="bbox 203 519 1306 597; baseline 0.002 -21"><span class='ocrx_word' id='word_1_13' title='bbox 203 521 425 594; x_wconf 75' lang='grc' dir='ltr'>δυσχεραίνουσαν</span> <span class='ocrx_word' id='word_1_14' title='bbox 437 519 477 573; x_wconf 86' lang='grc' dir='ltr'>ὅτι</span> <span class='ocrx_word' id='word_1_15' title='bbox 492 521 580 590; x_wconf 70' lang='grc' dir='ltr'>νήπιος</span> <span class='ocrx_word' id='word_1_16' title='bbox 594 523 629 575; x_wconf 82' lang='grc' dir='ltr'>δν</span> <span class='ocrx_word' id='word_1_17' title='bbox 643 525 730 578; x_wconf 83' lang='grc' dir='ltr'>ὀπαῖς</span> <span class='ocrx_word' id='word_1_18' title='bbox 744 523 863 595; x_wconf 76' lang='grc' dir='ltr'>καὶίέγαν</span> <span class='ocrx_word' id='word_1_19' title='bbox 879 522 962 595; x_wconf 75' lang='grc' dir='ltr'>ἄωρος</span> <span class='ocrx_word' id='word_1_20' title='bbox 979 523 1142 592; x_wconf 76' lang='grc' dir='ltr'>ἐτελεύτησε·</span> <span class='ocrx_word' id='word_1_21' title='bbox 1171 526 1241 595; x_wconf 71' lang='grc' dir='ltr'>φησὶ</span> <span class='ocrx_word' id='word_1_22' title='bbox 1254 525 1306 597; x_wconf 76' lang='grc' dir='ltr'>γὰρ</span> 
     </span>
     <span class='ocr_line' id='line_1_4' title="bbox 202 641 284 674; baseline 0.012 -1"><span class='ocrx_word' id='word_1_23' title='bbox 202 641 284 674; x_wconf 64' lang='grc' dir='ltr'>(Μ’ως</span> 
     </span>
    </p>

    <p class='ocr_par' dir='ltr' id='par_1_3' title="bbox 284 711 934 795">
     <span class='ocr_line' id='line_1_5' title="bbox 284 711 934 795; baseline 0.006 -21"><span class='ocrx_word' id='word_1_24' title='bbox 284 711 368 794; x_wconf 84' lang='grc' dir='ltr'>Ἔφυ</span> <span class='ocrx_word' id='word_1_25' title='bbox 382 714 438 791; x_wconf 72' lang='grc' dir='ltr'>μέν</span> <span class='ocrx_word' id='word_1_26' title='bbox 453 713 547 779; x_wconf 84' lang='grc' dir='ltr'>οὐδεὶς</span> <span class='ocrx_word' id='word_1_27' title='bbox 562 715 644 780; x_wconf 85' lang='grc' dir='ltr'>ὅστις</span> <span class='ocrx_word' id='word_1_28' title='bbox 658 715 693 777; x_wconf 83' lang='grc' dir='ltr'>οὐ</span> <span class='ocrx_word' id='word_1_29' title='bbox 708 720 796 777; x_wconf 87' lang='grc' dir='ltr'>πονεῖ</span> <span class='ocrx_word' id='word_1_30' title='bbox 807 720 934 795; x_wconf 81' lang='grc' dir='ltr'>βροτῶν·</span> 
     </span>
    </p>

    <p class='ocr_par' dir='ltr' id='par_1_4' title="bbox 289 815 905 899">
     <span class='ocr_line' id='line_1_6' title="bbox 289 815 905 899; baseline 0.002 -19"><span class='ocrx_word' id='word_1_31' title='bbox 289 816 393 880; x_wconf 78' lang='grc' dir='ltr'>θάπτει</span> <span class='ocrx_word' id='word_1_32' title='bbox 407 841 439 880; x_wconf 87' lang='grc' dir='ltr'>τε</span> <span class='ocrx_word' id='word_1_33' title='bbox 454 815 543 879; x_wconf 89' lang='grc' dir='ltr'>τέκνα</span> <span class='ocrx_word' id='word_1_34' title='bbox 557 815 656 899; x_wconf 80' lang='grc' dir='ltr'>χᾶτερ’</span> <span class='ocrx_word' id='word_1_35' title='bbox 673 818 710 880; x_wconf 80' lang='grc' dir='ltr'>αὖ</span> <span class='ocrx_word' id='word_1_36' title='bbox 725 822 826 881; x_wconf 83' lang='grc' dir='ltr'>κτᾶται</span> <span class='ocrx_word' id='word_1_37' title='bbox 841 816 905 891; x_wconf 86' lang='grc' dir='ltr'>νέο,</span> 
     </span>
    </p>

    <p class='ocr_par' dir='ltr' id='par_1_5' title="bbox 288 916 996 1000">
     <span class='ocr_line' id='line_1_7' title="bbox 288 916 996 1000; baseline -0.001 -20"><span class='ocrx_word' id='word_1_38' title='bbox 288 919 374 984; x_wconf 82' lang='grc' dir='ltr'>αὐτός</span> <span class='ocrx_word' id='word_1_39' title='bbox 388 943 421 980; x_wconf 88' lang='grc' dir='ltr'>τε</span> <span class='ocrx_word' id='word_1_40' title='bbox 437 917 568 996; x_wconf 79' lang='grc' dir='ltr'>θνήσκει.</span> <span class='ocrx_word' id='word_1_41' title='bbox 593 919 640 981; x_wconf 84' lang='grc' dir='ltr'>κοΙ</span> <span class='ocrx_word' id='word_1_42' title='bbox 654 916 716 981; x_wconf 81' lang='grc' dir='ltr'>τάδ’</span> <span class='ocrx_word' id='word_1_43' title='bbox 733 918 876 1000; x_wconf 82' lang='grc' dir='ltr'>ἄχθονται</span> <span class='ocrx_word' id='word_1_44' title='bbox 890 919 996 999; x_wconf 80' lang='grc' dir='ltr'>βροτοὶ</span> 
     </span>
    </p>

    <p class='ocr_par' dir='ltr' id='par_1_6' title="bbox 289 1019 949 1103">
     <span class='ocr_line' id='line_1_8' title="bbox 289 1019 949 1103; baseline 0 -21"><span class='ocrx_word' id='word_1_45' title='bbox 289 1023 330 1086; x_wconf 85' lang='grc' dir='ltr'>εἰς</span> <span class='ocrx_word' id='word_1_46' title='bbox 344 1024 400 1101; x_wconf 81' lang='grc' dir='ltr'>γῆν</span> <span class='ocrx_word' id='word_1_47' title='bbox 415 1019 558 1101; x_wconf 87' lang='grc' dir='ltr'>φέροντες</span> <span class='ocrx_word' id='word_1_48' title='bbox 573 1023 639 1101; x_wconf 80' lang='grc' dir='ltr'>γῆν·</span> <span class='ocrx_word' id='word_1_49' title='bbox 664 1021 830 1101; x_wconf 80' lang='grc' dir='ltr'>ἀναγκαίως</span> <span class='ocrx_word' id='word_1_50' title='bbox 844 1019 867 1083; x_wconf 90' lang='grc' dir='ltr'>δ’</span> <span class='ocrx_word' id='word_1_51' title='bbox 884 1021 949 1103; x_wconf 69' lang='grc' dir='ltr'>ἔχει</span> 
     </span>
    </p>

    <p class='ocr_par' dir='ltr' id='par_1_7' title="bbox 286 1121 889 1206">
     <span class='ocr_line' id='line_1_9' title="bbox 286 1121 889 1206; baseline 0.003 -22"><span class='ocrx_word' id='word_1_52' title='bbox 286 1124 358 1200; x_wconf 87' lang='grc' dir='ltr'>βίον</span> <span class='ocrx_word' id='word_1_53' title='bbox 373 1124 496 1204; x_wconf 73' lang='grc' dir='ltr'>θερίζειν</span> <span class='ocrx_word' id='word_1_54' title='bbox 511 1124 588 1186; x_wconf 86' lang='grc' dir='ltr'>ὥστε</span> <span class='ocrx_word' id='word_1_55' title='bbox 605 1121 749 1204; x_wconf 80' lang='grc' dir='ltr'>κάρπιμον</span> <span class='ocrx_word' id='word_1_56' title='bbox 764 1122 889 1206; x_wconf 81' lang='grc' dir='ltr'>στάχυν,</span> 
     </span>
    </p>

    <p class='ocr_par' dir='ltr' id='par_1_8' title="bbox 284 1224 972 1305">
     <span class='ocr_line' id='line_1_10' title="bbox 284 1224 972 1305; baseline 0.001 -18"><span class='ocrx_word' id='word_1_57' title='bbox 284 1225 330 1288; x_wconf 82' lang='grc' dir='ltr'>καὶ</span> <span class='ocrx_word' id='word_1_58' title='bbox 344 1224 398 1288; x_wconf 88' lang='grc' dir='ltr'>τὸν</span> <span class='ocrx_word' id='word_1_59' title='bbox 412 1226 469 1303; x_wconf 70' lang='grc' dir='ltr'>μὲν</span> <span class='ocrx_word' id='word_1_60' title='bbox 484 1224 569 1298; x_wconf 83' lang='grc' dir='ltr'>εἶναι,</span> <span class='ocrx_word' id='word_1_61' title='bbox 586 1226 639 1289; x_wconf 85' lang='grc' dir='ltr'>τὸν</span> <span class='ocrx_word' id='word_1_62' title='bbox 655 1228 686 1289; x_wconf 75' lang='grc' dir='ltr'>δὲ</span> <span class='ocrx_word' id='word_1_63' title='bbox 701 1225 750 1305; x_wconf 78' lang='grc' dir='ltr'>μή.</span> <span class='ocrx_word' id='word_1_64' title='bbox 775 1227 806 1289; x_wconf 88' lang='grc' dir='ltr'>τί</span> <span class='ocrx_word' id='word_1_65' title='bbox 818 1230 910 1289; x_wconf 81' lang='grc' dir='ltr'>ταῦτα</span> <span class='ocrx_word' id='word_1_66' title='bbox 925 1231 972 1289; x_wconf 85' lang='grc' dir='ltr'>δεῖ</span> 
     </span>
    </p>

    <p class='ocr_par' dir='ltr' id='par_1_9' title="bbox 288 1323 942 1410">
     <span class='ocr_line' id='line_1_11' title="bbox 288 1323 942 1410; baseline 0.005 -22"><span class='ocrx_word' id='word_1_67' title='bbox 288 1326 405 1389; x_wconf 78' lang='grc' dir='ltr'>στένειν</span> <span class='ocrx_word' id='word_1_68' title='bbox 420 1323 496 1408; x_wconf 82' lang='grc' dir='ltr'>ἅπερ</span> <span class='ocrx_word' id='word_1_69' title='bbox 512 1332 558 1390; x_wconf 87' lang='grc' dir='ltr'>δεῖ</span> <span class='ocrx_word' id='word_1_70' title='bbox 571 1330 645 1391; x_wconf 84' lang='grc' dir='ltr'>κατδ</span> <span class='ocrx_word' id='word_1_71' title='bbox 660 1330 753 1410; x_wconf 84' lang='grc' dir='ltr'>φύσιν</span> <span class='ocrx_word' id='word_1_72' title='bbox 768 1333 942 1410; x_wconf 81' lang='grc' dir='ltr'>διεκπερᾶν;</span> 
     </span>
    </p>

    <p class='ocr_par' dir='ltr' id='par_1_10' title="bbox 201 1429 962 1609">
     <span class='ocr_line' id='line_1_12' title="bbox 287 1429 962 1512; baseline -0.006 -18"><span class='ocrx_word' id='word_1_73' title='bbox 287 1429 385 1494; x_wconf 86' lang='grc' dir='ltr'>δεινὸν</span> <span class='ocrx_word' id='word_1_74' title='bbox 401 1433 458 1510; x_wconf 78' lang='grc' dir='ltr'>γὰρ</span> <span class='ocrx_word' id='word_1_75' title='bbox 473 1430 560 1494; x_wconf 80' lang='grc' dir='ltr'>οὐδὲν</span> <span class='ocrx_word' id='word_1_76' title='bbox 574 1436 633 1494; x_wconf 82' lang='grc' dir='ltr'>τῶν</span> <span class='ocrx_word' id='word_1_77' title='bbox 649 1432 819 1511; x_wconf 83' lang='grc' dir='ltr'>ἀναγκαίων</span> <span class='ocrx_word' id='word_1_78' title='bbox 833 1436 962 1512; x_wconf 84' lang='grc' dir='ltr'>βροτοῖς.</span> 
     </span>
     <span class='ocr_line' id='line_1_13' title="bbox 201 1531 755 1609; baseline 0 -20"><span class='ocrx_word' id='word_1_79' title='bbox 201 1532 255 1589; x_wconf 88' lang='lat' dir='ltr'>His</span> <span class='ocrx_word' id='word_1_80' title='bbox 270 1532 348 1588; x_wconf 89' lang='lat' dir='ltr'><strong>solus</strong></span> <span class='ocrx_word' id='word_1_81' title='bbox 364 1531 501 1588; x_wconf 85' lang='lat' dir='ltr'><strong>Clemens</strong></span> <span class='ocrx_word' id='word_1_82' title='bbox 514 1533 597 1588; x_wconf 89' lang='lat' dir='ltr'><strong>illum</strong></span> <span class='ocrx_word' id='word_1_83' title='bbox 612 1533 755 1609; x_wconf 85' lang='lat' dir='ltr'><strong>praeponit</strong></span> 
     </span>
    </p>

    <p class='ocr_par' dir='ltr' id='par_1_11' title="bbox 199 1624 1303 2194">
     <span class='ocr_line' id='line_1_14' title="bbox 281 1624 990 1711; baseline 0.003 -23"><span class='ocrx_word' id='word_1_84' title='bbox 281 1624 323 1689; x_wconf 70' lang='lat' dir='ltr'>“A</span> <span class='ocrx_word' id='word_1_85' title='bbox 340 1625 366 1707; x_wconf 85' lang='grc' dir='ltr'>γ’</span> <span class='ocrx_word' id='word_1_86' title='bbox 383 1627 437 1689; x_wconf 79' lang='grc' dir='ltr'>οὖν</span> <span class='ocrx_word' id='word_1_87' title='bbox 450 1633 593 1708; x_wconf 81' lang='grc' dir='ltr'>παραινῶ,</span> <span class='ocrx_word' id='word_1_88' title='bbox 610 1627 701 1691; x_wconf 79' lang='grc' dir='ltr'>ταῦτά</span> <span class='ocrx_word' id='word_1_89' title='bbox 714 1655 771 1708; x_wconf 89' lang='grc' dir='ltr'>μου</span> <span class='ocrx_word' id='word_1_90' title='bbox 786 1628 877 1707; x_wconf 77' lang='grc' dir='ltr'>δέξαι,</span> <span class='ocrx_word' id='word_1_91' title='bbox 893 1630 990 1711; x_wconf 65' lang='grc' dir='ltr'>μίναι.</span> 
     </span>
     <span class='ocr_line' id='line_1_15' title="bbox 200 1728 1301 1803; baseline 0 -18"><span class='ocrx_word' id='word_1_92' title='bbox 200 1729 236 1785; x_wconf 90' lang='lat' dir='ltr'>V.</span> <span class='ocrx_word' id='word_1_93' title='bbox 252 1749 276 1786; x_wconf 90' lang='lat'>1.</span> <span class='ocrx_word' id='word_1_94' title='bbox 299 1730 433 1787; x_wconf 82' lang='lat' dir='ltr'><strong>Stobaeus</strong></span> <span class='ocrx_word' id='word_1_95' title='bbox 447 1729 522 1787; x_wconf 80' lang='grc' dir='ltr'>ὅστις</span> <span class='ocrx_word' id='word_1_96' title='bbox 536 1733 582 1786; x_wconf 80' lang='grc' dir='ltr'>οὐκ</span> <span class='ocrx_word' id='word_1_97' title='bbox 595 1731 634 1786; x_wconf 83' lang='grc' dir='ltr'>ἀεὶ</span> <span class='ocrx_word' id='word_1_98' title='bbox 647 1736 730 1789; x_wconf 81' lang='grc' dir='ltr'>πονεῖ.</span> <span class='ocrx_word' id='word_1_99' title='bbox 753 1731 856 1789; x_wconf 86' lang='lat' dir='ltr'><strong>Cicero</strong></span> <span class='ocrx_word' id='word_1_100' title='bbox 871 1732 959 1789; x_wconf 78' lang='lat' dir='ltr'><strong>vertit</strong></span> <span class='ocrx_word' id='word_1_101' title='bbox 973 1731 1060 1788; x_wconf 86' lang='lat' dir='ltr'><strong>Tusc.</strong></span> <span class='ocrx_word' id='word_1_102' title='bbox 1077 1730 1131 1799; x_wconf 87' lang='grc' dir='ltr'><strong>ΙΙΙ,</strong></span> <span class='ocrx_word' id='word_1_103' title='bbox 1150 1746 1196 1803; x_wconf 85' lang='lat'>25.</span> <span class='ocrx_word' id='word_1_104' title='bbox 1217 1728 1301 1786; x_wconf 84' lang='lat' dir='ltr'><em>Mor-</em></span> 
     </span>
     <span class='ocr_line' id='line_1_16' title="bbox 199 1826 1303 1903; baseline -0.001 -21"><span class='ocrx_word' id='word_1_105' title='bbox 199 1827 263 1883; x_wconf 78' lang='lat' dir='ltr'><strong>talis</strong></span> <span class='ocrx_word' id='word_1_106' title='bbox 283 1846 357 1884; x_wconf 82' lang='lat' dir='ltr'><strong>nemo</strong></span> <span class='ocrx_word' id='word_1_107' title='bbox 378 1835 427 1892; x_wconf 81' lang='lat' dir='ltr'>est,</span> <span class='ocrx_word' id='word_1_108' title='bbox 450 1846 525 1902; x_wconf 80' lang='lat' dir='ltr'>quem</span> <span class='ocrx_word' id='word_1_109' title='bbox 546 1847 596 1883; x_wconf 83' lang='lat' dir='ltr'>non</span> <span class='ocrx_word' id='word_1_110' title='bbox 618 1828 736 1902; x_wconf 77' lang='grc' dir='ltr'>οίίὶνιροί</span> <span class='ocrx_word' id='word_1_111' title='bbox 757 1827 835 1884; x_wconf 86' lang='lat' dir='ltr'><strong>dolor</strong></span> <span class='ocrx_word' id='word_1_112' title='bbox 855 1828 1031 1903; x_wconf 78' lang='lat' dir='ltr'>Morbusque.</span> <span class='ocrx_word' id='word_1_113' title='bbox 1054 1827 1091 1884; x_wconf 87' lang='lat' dir='ltr'>V.</span> <span class='ocrx_word' id='word_1_114' title='bbox 1107 1846 1133 1884; x_wconf 79' lang='grc' dir='ltr'>ι.</span> <span class='ocrx_word' id='word_1_115' title='bbox 1162 1826 1303 1882; x_wconf 83' lang='lat' dir='ltr'><strong>Clemens</strong></span> 
     </span>
     <span class='ocr_line' id='line_1_17' title="bbox 199 1924 1301 2001; baseline -0.004 -20"><span class='ocrx_word' id='word_1_116' title='bbox 199 1929 300 1999; x_wconf 84' lang='grc' dir='ltr'>σπείρει</span> <span class='ocrx_word' id='word_1_117' title='bbox 313 1946 366 2001; x_wconf 90' lang='lat' dir='ltr'>pro</span> <span class='ocrx_word' id='word_1_118' title='bbox 381 1929 478 1980; x_wconf 80' lang='grc' dir='ltr'>κτᾶται.</span> <span class='ocrx_word' id='word_1_119' title='bbox 501 1924 604 1982; x_wconf 85' lang='lat' dir='ltr'><strong>Cicero</strong></span> <span class='ocrx_word' id='word_1_120' title='bbox 618 1948 625 1982; x_wconf 93' lang='lat'><strong>:</strong></span> <span class='ocrx_word' id='word_1_121' title='bbox 647 1925 726 1981; x_wconf 81' lang='lat' dir='ltr'><strong>multi</strong></span> <span class='ocrx_word' id='word_1_122' title='bbox 735 1934 796 1981; x_wconf 71' lang='lat' dir='ltr'>sunt</span> <span class='ocrx_word' id='word_1_123' title='bbox 808 1925 934 1981; x_wconf 75' lang='lat' dir='ltr'>humandi</span> <span class='ocrx_word' id='word_1_124' title='bbox 947 1925 1036 1989; x_wconf 76' lang='lat' dir='ltr'>liberi,</span> <span class='ocrx_word' id='word_1_125' title='bbox 1049 1925 1167 1981; x_wconf 72' lang='lat' dir='ltr'><strong>Rursnm</strong></span> <span class='ocrx_word' id='word_1_126' title='bbox 1181 1925 1301 1980; x_wconf 75' lang='lat' dir='ltr'>creandi.</span> 
     </span>
     <span class='ocr_line' id='line_1_18' title="bbox 199 2022 1301 2097; baseline -0.001 -17"><span class='ocrx_word' id='word_1_127' title='bbox 199 2024 235 2079; x_wconf 89' lang='lat' dir='ltr'>V.</span> <span class='ocrx_word' id='word_1_128' title='bbox 247 2025 273 2080; x_wconf 90' lang='lat'>8.</span> <span class='ocrx_word' id='word_1_129' title='bbox 289 2023 435 2080; x_wconf 74' lang='lat' dir='ltr'><strong>Plutarch.</strong></span> <span class='ocrx_word' id='word_1_130' title='bbox 448 2022 554 2079; x_wconf 79' lang='lat' dir='ltr'><strong>Moral.</strong></span> <span class='ocrx_word' id='word_1_131' title='bbox 567 2041 595 2097; x_wconf 91' lang='lat' dir='ltr'>p.</span> <span class='ocrx_word' id='word_1_132' title='bbox 610 2039 664 2097; x_wconf 87' lang='lat'>117</span> <span class='ocrx_word' id='word_1_133' title='bbox 677 2022 705 2079; x_wconf 89' lang='lat' dir='ltr'>d.</span> <span class='ocrx_word' id='word_1_134' title='bbox 722 2025 804 2079; x_wconf 80' lang='grc' dir='ltr'>Οὐδὲν</span> <span class='ocrx_word' id='word_1_135' title='bbox 816 2025 867 2096; x_wconf 82' lang='grc' dir='ltr'>γὰρ</span> <span class='ocrx_word' id='word_1_136' title='bbox 878 2025 961 2078; x_wconf 88' lang='grc' dir='ltr'>δεινὸν</span> <span class='ocrx_word' id='word_1_137' title='bbox 971 2028 1023 2078; x_wconf 85' lang='grc' dir='ltr'>τῶν</span> <span class='ocrx_word' id='word_1_138' title='bbox 1036 2022 1176 2095; x_wconf 77' lang='grc' dir='ltr'>ἀναγκαίων</span> <span class='ocrx_word' id='word_1_139' title='bbox 1183 2025 1301 2095; x_wconf 83' lang='grc' dir='ltr'>βροτοῖς.</span> 
     </span>
     <span class='ocr_line' id='line_1_19' title="bbox 199 2121 745 2194; baseline -0.009 -14"><span class='ocrx_word' id='word_1_140' title='bbox 199 2122 337 2180; x_wconf 83' lang='lat' dir='ltr'><strong>Clemens</strong></span> <span class='ocrx_word' id='word_1_141' title='bbox 352 2121 383 2175; x_wconf 81' lang='grc' dir='ltr'>οὗ</span> <span class='ocrx_word' id='word_1_142' title='bbox 396 2122 481 2176; x_wconf 87' lang='grc' dir='ltr'>δεινὸν</span> <span class='ocrx_word' id='word_1_143' title='bbox 495 2121 570 2176; x_wconf 74' lang='grc' dir='ltr'>οὐδὲν</span> <span class='ocrx_word' id='word_1_144' title='bbox 583 2127 635 2177; x_wconf 78' lang='grc' dir='ltr'>τῶν</span> <span class='ocrx_word' id='word_1_145' title='bbox 649 2121 689 2177; x_wconf 79' lang='grc' dir='ltr'>ἄν.</span> <span class='ocrx_word' id='word_1_146' title='bbox 701 2125 745 2194; x_wconf 88' lang='grc' dir='ltr'>βρ.</span> 
     </span>
    </p>
   </div>
   <div class='ocr_carea' id='block_1_3' title="bbox 740 2248 756 2311">
    <p class='ocr_par' dir='ltr' id='par_1_12' title="bbox 740 2248 756 2311">
     <span class='ocr_line' id='line_1_20' title="bbox 740 2248 756 2311; baseline 0 0"><span class='ocrx_word' id='word_1_147' title='bbox 740 2248 756 2311; x_wconf 93' lang='grc'><em>7</em></span> 
     </span>
    </p>
   </div>
   <div class='ocr_carea' id='block_1_4' title="bbox 239 2337 969 3134">
    <p class='ocr_par' dir='ltr' id='par_1_13' title="bbox 240 2337 567 2411">
     <span class='ocr_line' id='line_1_21' title="bbox 240 2337 567 2411; baseline -0.009 -17"><span class='ocrx_word' id='word_1_148' title='bbox 240 2337 373 2395; x_wconf 86' lang='lat' dir='ltr'><strong>Stobaens</strong></span> <span class='ocrx_word' id='word_1_149' title='bbox 392 2355 436 2393; x_wconf 92' lang='lat'>10.</span> <span class='ocrx_word' id='word_1_150' title='bbox 452 2357 481 2411; x_wconf 89' lang='lat' dir='ltr'>p.</span> <span class='ocrx_word' id='word_1_151' title='bbox 503 2351 567 2408; x_wconf 84' lang='lat'>127.</span> 
     </span>
    </p>

    <p class='ocr_par' dir='ltr' id='par_1_14' title="bbox 239 2428 901 2724">
     <span class='ocr_line' id='line_1_22' title="bbox 285 2428 901 2512; baseline -0.005 -18"><span class='ocrx_word' id='word_1_152' title='bbox 285 2437 394 2498; x_wconf 86' lang='grc' dir='ltr'>Κακοῖς</span> <span class='ocrx_word' id='word_1_153' title='bbox 407 2432 442 2495; x_wconf 86' lang='grc' dir='ltr'>τὸ</span> <span class='ocrx_word' id='word_1_154' title='bbox 459 2431 559 2512; x_wconf 78' lang='grc' dir='ltr'>κέρδος</span> <span class='ocrx_word' id='word_1_155' title='bbox 573 2434 624 2508; x_wconf 81' lang='grc' dir='ltr'>τῆς</span> <span class='ocrx_word' id='word_1_156' title='bbox 638 2432 716 2508; x_wconf 82' lang='grc' dir='ltr'>δίκης</span> <span class='ocrx_word' id='word_1_157' title='bbox 731 2428 901 2509; x_wconf 79' lang='grc' dir='ltr'>ὑπέρτερον.</span> 
     </span>
     <span class='ocr_line' id='line_1_23' title="bbox 239 2561 755 2724; baseline -0.004 -20"><span class='ocrx_word' id='word_1_158' title='bbox 239 2647 373 2705; x_wconf 81' lang='lat' dir='ltr'><strong>Stobaeus</strong></span> <span class='ocrx_word' id='word_1_159' title='bbox 390 2666 437 2706; x_wconf 91' lang='lat'>20.</span> <span class='ocrx_word' id='word_1_160' title='bbox 453 2667 481 2724; x_wconf 91' lang='lat' dir='ltr'>p.</span> <span class='ocrx_word' id='word_1_161' title='bbox 500 2665 563 2720; x_wconf 83' lang='lat'>17¹·</span> <span class='ocrx_word' id='word_1_162' title='bbox 584 2663 648 2721; x_wconf 86' lang='lat'><em>172.</em></span> <span class='ocrx_word' id='word_1_163' title='bbox 738 2561 755 2619; x_wconf 75' lang='lat'>8</span> 
     </span>
    </p>

    <p class='ocr_par' dir='ltr' id='par_1_15' title="bbox 239 2741 894 3034">
     <span class='ocr_line' id='line_1_24' title="bbox 280 2741 894 2825; baseline -0.003 -20"><span class='ocrx_word' id='word_1_164' title='bbox 280 2741 361 2821; x_wconf 77' lang='grc' dir='ltr'>Ἐξω</span> <span class='ocrx_word' id='word_1_165' title='bbox 377 2747 433 2825; x_wconf 75' lang='grc' dir='ltr'>γὰρ</span> <span class='ocrx_word' id='word_1_166' title='bbox 449 2746 538 2825; x_wconf 79' lang='grc' dir='ltr'>ὀργῆς</span> <span class='ocrx_word' id='word_1_167' title='bbox 552 2748 609 2809; x_wconf 83' lang='grc' dir='ltr'>πᾶς</span> <span class='ocrx_word' id='word_1_168' title='bbox 624 2743 697 2822; x_wconf 79' lang='grc' dir='ltr'>ἀνὴρ</span> <span class='ocrx_word' id='word_1_169' title='bbox 713 2744 894 2823; x_wconf 81' lang='grc' dir='ltr'>σοφώτερος.</span> 
     </span>
     <span class='ocr_line' id='line_1_25' title="bbox 239 2890 758 3034; baseline -0.008 -18"><span class='ocrx_word' id='word_1_170' title='bbox 239 2958 373 3017; x_wconf 86' lang='lat' dir='ltr'><strong>Stnbaeus</strong></span> <span class='ocrx_word' id='word_1_171' title='bbox 392 2976 456 3033; x_wconf 89' lang='lat'>109.</span> <span class='ocrx_word' id='word_1_172' title='bbox 471 2978 500 3034; x_wconf 87' lang='lat' dir='ltr'>p.</span> <span class='ocrx_word' id='word_1_173' title='bbox 517 2958 585 3034; x_wconf 86' lang='lat'><strong>580.</strong></span> <span class='ocrx_word' id='word_1_174' title='bbox 739 2890 758 2950; x_wconf 74' lang='lat'>9</span> 
     </span>
    </p>

    <p class='ocr_par' dir='ltr' id='par_1_16' title="bbox 279 3051 969 3134">
     <span class='ocr_line' id='line_1_26' title="bbox 279 3051 969 3134; baseline -0.006 -17"><span class='ocrx_word' id='word_1_175' title='bbox 279 3052 434 3117; x_wconf 87' lang='grc' dir='ltr'>Ἀελπτον</span> <span class='ocrx_word' id='word_1_176' title='bbox 449 3054 545 3126; x_wconf 74' lang='grc' dir='ltr'>οὐδὲν,</span> <span class='ocrx_word' id='word_1_177' title='bbox 562 3052 660 3116; x_wconf 80' lang='grc' dir='ltr'>πάντα</span> <span class='ocrx_word' id='word_1_178' title='bbox 677 3051 700 3115; x_wconf 84' lang='grc' dir='ltr'>δ’</span> <span class='ocrx_word' id='word_1_179' title='bbox 718 3053 848 3127; x_wconf 79' lang='grc' dir='ltr'>ἐλπίζειν</span> <span class='ocrx_word' id='word_1_180' title='bbox 862 3052 969 3134; x_wconf 84' lang='grc' dir='ltr'>χρεοίν.</span> 
     </span>
    </p>
   </div>
   <div class='ocr_carea' id='block_1_5' title="bbox 238 3191 1299 3334">
    <p class='ocr_par' dir='ltr' id='par_1_17' title="bbox 238 3191 1299 3334">
     <span class='ocr_line' id='line_1_27' title="bbox 729 3191 768 3234; baseline -0.026 0"><span class='ocrx_word' id='word_1_181' title='bbox 729 3191 768 3234; x_wconf 88' lang='lat'>10</span> 
     </span>
     <span class='ocr_line' id='line_1_28' title="bbox 238 3257 1299 3334; baseline -0.008 -15"><span class='ocrx_word' id='word_1_182' title='bbox 238 3262 336 3319; x_wconf 82' lang='lat' dir='ltr'><strong>Schol.</strong></span> <span class='ocrx_word' id='word_1_183' title='bbox 350 3261 437 3317; x_wconf 81' lang='lat' dir='ltr'><strong>Arist.</strong></span> <span class='ocrx_word' id='word_1_184' title='bbox 453 3261 529 3318; x_wconf 83' lang='lat' dir='ltr'><strong>Ran.</strong></span> <span class='ocrx_word' id='word_1_185' title='bbox 549 3261 635 3334; x_wconf 87' lang='lat'>1363.</span> <span class='ocrx_word' id='word_1_186' title='bbox 657 3259 720 3315; x_wconf 82' lang='grc' dir='ltr'>Ἀνὰ</span> <span class='ocrx_word' id='word_1_187' title='bbox 733 3263 764 3314; x_wconf 85' lang='grc' dir='ltr'>τὸ</span> <span class='ocrx_word' id='word_1_188' title='bbox 778 3258 991 3329; x_wconf 64' lang='grc' dir='ltr'>δωδεκαμήχανον</span> <span class='ocrx_word' id='word_1_189' title='bbox 1005 3257 1121 3330; x_wconf 72' lang='grc' dir='ltr'>Κυρίχνης</span> <span class='ocrx_word' id='word_1_190' title='bbox 1133 3260 1299 3326; x_wconf 75' lang='grc' dir='ltr'>μελοποιῶνε</span> 
     </span>
    </p>
   </div>
   <div class='ocr_carea' id='block_1_6' title="bbox 197 3355 1302 3729">
    <p class='ocr_par' dir='ltr' id='par_1_18' title="bbox 197 3355 1302 3432">
     <span class='ocr_line' id='line_1_29' title="bbox 197 3355 1302 3432; baseline -0.006 -19"><span class='ocrx_word' id='word_1_191' title='bbox 197 3360 298 3432; x_wconf 73' lang='grc' dir='ltr'>Κυρὴνη</span> <span class='ocrx_word' id='word_1_192' title='bbox 320 3359 406 3430; x_wconf 78' lang='grc' dir='ltr'>ἑταίρα</span> <span class='ocrx_word' id='word_1_193' title='bbox 427 3380 467 3414; x_wconf 84' lang='grc' dir='ltr'>τις</span> <span class='ocrx_word' id='word_1_194' title='bbox 487 3359 623 3428; x_wconf 71' lang='grc' dir='ltr'>ἐπίσημος,</span> <span class='ocrx_word' id='word_1_195' title='bbox 639 3358 850 3428; x_wconf 75' lang='grc' dir='ltr'>δωδεκαμήχανος</span> <span class='ocrx_word' id='word_1_196' title='bbox 870 3357 1054 3425; x_wconf 70' lang='grc' dir='ltr'>ἐπικαλουμένη</span> <span class='ocrx_word' id='word_1_197' title='bbox 1075 3355 1119 3409; x_wconf 83' lang='grc' dir='ltr'>διὰ</span> <span class='ocrx_word' id='word_1_198' title='bbox 1136 3355 1168 3408; x_wconf 89' lang='grc' dir='ltr'>τδ</span> <span class='ocrx_word' id='word_1_199' title='bbox 1184 3355 1302 3407; x_wconf 79' lang='grc' dir='ltr'>τοσοῦτο</span> 
     </span>
    </p>

    <p class='ocr_par' dir='ltr' id='par_1_19' title="bbox 197 3450 1264 3633">
     <span class='ocr_line' id='line_1_30' title="bbox 197 3450 1264 3528; baseline -0.007 -18"><span class='ocrx_word' id='word_1_200' title='bbox 197 3458 320 3528; x_wconf 73' lang='grc' dir='ltr'>σχήματα</span> <span class='ocrx_word' id='word_1_201' title='bbox 331 3456 357 3510; x_wconf 88' lang='grc' dir='ltr'>ε’ν</span> <span class='ocrx_word' id='word_1_202' title='bbox 370 3459 402 3523; x_wconf 81' lang='grc' dir='ltr'>τῇ</span> <span class='ocrx_word' id='word_1_203' title='bbox 417 3456 545 3526; x_wconf 84' lang='grc' dir='ltr'>συνουσίᾳ</span> <span class='ocrx_word' id='word_1_204' title='bbox 559 3459 651 3512; x_wconf 85' lang='grc' dir='ltr'>ποιεῖν.</span> <span class='ocrx_word' id='word_1_205' title='bbox 674 3459 732 3509; x_wconf 81' lang='grc' dir='ltr'>ἔστι</span> <span class='ocrx_word' id='word_1_206' title='bbox 745 3456 773 3509; x_wconf 71' lang='grc' dir='ltr'>δι’</span> <span class='ocrx_word' id='word_1_207' title='bbox 787 3455 857 3525; x_wconf 86' lang='grc' dir='ltr'>παρὰ</span> <span class='ocrx_word' id='word_1_208' title='bbox 871 3455 901 3507; x_wconf 90' lang='grc' dir='ltr'>τδ</span> <span class='ocrx_word' id='word_1_209' title='bbox 916 3454 945 3524; x_wconf 72' lang='grc' dir='ltr'>ἐξ</span> <span class='ocrx_word' id='word_1_210' title='bbox 957 3450 1108 3525; x_wconf 75' lang='grc' dir='ltr'>’Υψιπῦλης</span> <span class='ocrx_word' id='word_1_211' title='bbox 1121 3450 1264 3523; x_wconf 82' lang='grc' dir='ltr'>Εὐριπίδου</span> 
     </span>
     <span class='ocr_line' id='line_1_31' title="bbox 282 3550 806 3633; baseline -0.008 -19"><span class='ocrx_word' id='word_1_212' title='bbox 282 3550 358 3614; x_wconf 84' lang='grc' dir='ltr'>Ἀνδ</span> <span class='ocrx_word' id='word_1_213' title='bbox 373 3550 406 3612; x_wconf 86' lang='grc' dir='ltr'>τὸ</span> <span class='ocrx_word' id='word_1_214' title='bbox 423 3550 671 3633; x_wconf 85' lang='grc' dir='ltr'>δωδεκαμήχανον</span> <span class='ocrx_word' id='word_1_215' title='bbox 686 3552 806 3631; x_wconf 83' lang='grc' dir='ltr'>ἄντρον.</span> 
     </span>
    </p>

    <p class='ocr_par' dir='ltr' id='par_1_20' title="bbox 197 3648 1169 3729">
     <span class='ocr_line' id='line_1_32' title="bbox 197 3648 1169 3729; baseline -0.009 -18"><span class='ocrx_word' id='word_1_216' title='bbox 197 3654 307 3712; x_wconf 84' lang='lat' dir='ltr'><strong>Eadem</strong></span> <span class='ocrx_word' id='word_1_217' title='bbox 323 3653 428 3711; x_wconf 86' lang='lat' dir='ltr'><strong>Suidas</strong></span> <span class='ocrx_word' id='word_1_218' title='bbox 442 3675 470 3712; x_wconf 87' lang='lat' dir='ltr'>v.</span> <span class='ocrx_word' id='word_1_219' title='bbox 485 3656 704 3726; x_wconf 72' lang='grc' dir='ltr'>δωδεκαμήχανος,</span> <span class='ocrx_word' id='word_1_220' title='bbox 720 3654 771 3729; x_wconf 91' lang='lat' dir='ltr'>qui</span> <span class='ocrx_word' id='word_1_221' title='bbox 785 3674 837 3729; x_wconf 91' lang='lat' dir='ltr'>pro</span> <span class='ocrx_word' id='word_1_222' title='bbox 852 3654 945 3724; x_wconf 78' lang='grc' dir='ltr'>ἄντρον</span> <span class='ocrx_word' id='word_1_223' title='bbox 959 3650 1048 3708; x_wconf 77' lang='lat' dir='ltr'><strong>habet</strong></span> <span class='ocrx_word' id='word_1_224' title='bbox 1061 3648 1169 3720; x_wconf 69' lang='grc' dir='ltr'>ἄστρον.</span> 
     </span>
    </p>
   </div>
   <div class='ocr_carea' id='block_1_7' title="bbox 238 3797 1303 3942">
    <p class='ocr_par' dir='ltr' id='par_1_21' title="bbox 238 3797 1303 3942">
     <span class='ocr_line' id='line_1_33' title="bbox 238 3797 1303 3942; baseline -0.009 -17"><span class='ocrx_word' id='word_1_225' title='bbox 238 3867 367 3926; x_wconf 81' lang='lat' dir='ltr'><strong>Galenus</strong></span> <span class='ocrx_word' id='word_1_226' title='bbox 382 3868 420 3925; x_wconf 94' lang='lat' dir='ltr'>V.</span> <span class='ocrx_word' id='word_1_227' title='bbox 436 3886 464 3942; x_wconf 90' lang='lat' dir='ltr'>p.</span> <span class='ocrx_word' id='word_1_228' title='bbox 479 3865 549 3941; x_wconf 83' lang='lat'>615.</span> <span class='ocrx_word' id='word_1_229' title='bbox 564 3865 609 3922; x_wconf 86' lang='lat' dir='ltr'>ed.</span> <span class='ocrx_word' id='word_1_230' title='bbox 624 3866 714 3923; x_wconf 83' lang='lat' dir='ltr'><strong>Basil.</strong></span> <span class='ocrx_word' id='word_1_231' title='bbox 728 3797 798 3922; x_wconf 64' lang='lat' dir='ltr'><strong>llll.</strong></span> <span class='ocrx_word' id='word_1_232' title='bbox 812 3884 841 3940; x_wconf 92' lang='lat' dir='ltr'>p.</span> <span class='ocrx_word' id='word_1_233' title='bbox 858 3863 928 3939; x_wconf 87' lang='lat'><strong>376.</strong></span> <span class='ocrx_word' id='word_1_234' title='bbox 952 3864 1052 3922; x_wconf 81' lang='lat' dir='ltr'><strong>Chart.</strong></span> <span class='ocrx_word' id='word_1_235' title='bbox 1068 3861 1105 3920; x_wconf 86' lang='lat' dir='ltr'>de</span> <span class='ocrx_word' id='word_1_236' title='bbox 1118 3879 1183 3919; x_wconf 85' lang='lat' dir='ltr'><strong>voc.</strong></span> <span class='ocrx_word' id='word_1_237' title='bbox 1198 3861 1303 3933; x_wconf 78' lang='grc' dir='ltr'>θέτωμα</span> 
     </span>
    </p>
   </div>
   <div class='ocr_carea' id='block_1_8' title="bbox 196 3964 1025 4339">
    <p class='ocr_par' dir='ltr' id='par_1_22' title="bbox 196 3964 1025 4339">
     <span class='ocr_line' id='line_1_34' title="bbox 196 3964 904 4037; baseline -0.003 -17"><span class='ocrx_word' id='word_1_238' title='bbox 196 3964 267 4021; x_wconf 78' lang='grc' dir='ltr'>οἶκον</span> <span class='ocrx_word' id='word_1_239' title='bbox 281 3984 303 4022; x_wconf 85' lang='lat' dir='ltr'>s.</span> <span class='ocrx_word' id='word_1_240' title='bbox 318 3965 400 4022; x_wconf 82' lang='grc' dir='ltr'>ἀετός·</span> <span class='ocrx_word' id='word_1_241' title='bbox 423 3967 464 4020; x_wconf 78' lang='grc' dir='ltr'>καὶ</span> <span class='ocrx_word' id='word_1_242' title='bbox 478 3966 616 4037; x_wconf 82' lang='grc' dir='ltr'>Εὐριπίδης</span> <span class='ocrx_word' id='word_1_243' title='bbox 631 3965 658 4019; x_wconf 79' lang='grc' dir='ltr'>έν</span> <span class='ocrx_word' id='word_1_244' title='bbox 671 3964 806 4036; x_wconf 65' lang='grc' dir='ltr'>’Ὑψιπύλη</span> <span class='ocrx_word' id='word_1_245' title='bbox 821 3967 904 4035; x_wconf 71' lang='grc' dir='ltr'>φησὶν</span> 
     </span>
     <span class='ocr_line' id='line_1_35' title="bbox 281 4057 870 4140; baseline -0.002 -17"><span class='ocrx_word' id='word_1_246' title='bbox 281 4059 360 4123; x_wconf 89' lang='grc' dir='ltr'>Ἰδοὺ</span> <span class='ocrx_word' id='word_1_247' title='bbox 375 4060 448 4140; x_wconf 81' lang='grc' dir='ltr'>πρὸς</span> <span class='ocrx_word' id='word_1_248' title='bbox 464 4057 555 4139; x_wconf 77' lang='grc' dir='ltr'>αἰθέρ’</span> <span class='ocrx_word' id='word_1_249' title='bbox 573 4061 768 4137; x_wconf 76' lang='grc' dir='ltr'>ἓξομιλλῆσοι</span> <span class='ocrx_word' id='word_1_250' title='bbox 787 4061 870 4139; x_wconf 89' lang='grc' dir='ltr'>κόραι</span> 
     </span>
     <span class='ocr_line' id='line_1_36' title="bbox 284 4159 993 4243; baseline -0.007 -19"><span class='ocrx_word' id='word_1_251' title='bbox 284 4161 431 4243; x_wconf 83' lang='grc' dir='ltr'>γραπτοὺς</span> <span class='ocrx_word' id='word_1_252' title='bbox 455 4162 470 4196; x_wconf 82' lang='grc'><em>*</em></span> <span class='ocrx_word' id='word_1_253' title='bbox 497 4164 515 4197; x_wconf 66' lang='lat'>³*</span> <span class='ocrx_word' id='word_1_254' title='bbox 540 4164 555 4199; x_wconf 87' lang='grc'>*</span> <span class='ocrx_word' id='word_1_255' title='bbox 580 4167 641 4223; x_wconf 83' lang='grc' dir='ltr'>οῖσι</span> <span class='ocrx_word' id='word_1_256' title='bbox 655 4159 862 4240; x_wconf 71' lang='grc' dir='ltr'>προσβλέπειν</span> <span class='ocrx_word' id='word_1_257' title='bbox 877 4162 993 4224; x_wconf 79' lang='grc' dir='ltr'>τύπους.</span> 
     </span>
     <span class='ocr_line' id='line_1_37' title="bbox 198 4266 1025 4339; baseline -0.004 -19"><span class='ocrx_word' id='word_1_258' title='bbox 198 4266 417 4334; x_wconf 74' lang='lat' dir='ltr'><strong>Valckenarius,</strong></span> <span class='ocrx_word' id='word_1_259' title='bbox 434 4269 621 4338; x_wconf 70' lang='grc' dir='ltr'>ἐξαμιλλῶνται</span> <span class='ocrx_word' id='word_1_260' title='bbox 637 4269 708 4338; x_wconf 85' lang='grc' dir='ltr'>κόραι</span> <span class='ocrx_word' id='word_1_261' title='bbox 721 4266 852 4339; x_wconf 81' lang='grc' dir='ltr'>γραπτοὺς</span> <span class='ocrx_word' id='word_1_262' title='bbox 867 4267 893 4320; x_wconf 79' lang='grc' dir='ltr'>έν</span> <span class='ocrx_word' id='word_1_263' title='bbox 907 4266 1025 4319; x_wconf 80' lang='grc' dir='ltr'>αἰετοῐσι.</span> 
     </span>
    </p>
   </div>
   <div class='ocr_carea' id='block_1_9' title="bbox 0 0 1430 4898">
    <p class='ocr_par' dir='ltr' id='par_1_23' title="bbox 0 0 1430 4898">
     <span class='ocr_line' id='line_1_38' title="bbox 0 0 1430 4898; baseline 0 2"><span class='ocrx_word' id='word_1_264' title='bbox 0 0 1430 4898; x_wconf 95' lang='lat' dir='ltr'> </span> 
     </span>
    </p>
   </div>
  </div>
 </body>
</html>
