2850 4898
210 279 275 345 866
650 279 880 341 ΕΥΡΙΠΙΔΟΥ

747 466 759 507 1

252 552 375 629 Longin.
391 570 415 610 s,
426 549 490 608 XL.
512 549 571 606 Ἐπὶ
585 552 614 606 δὲ
627 554 673 619 τῆς
688 465 832 623 ουρομ4ένιγς
846 552 896 605 ὐπὸ
910 553 957 606 τοῦ
971 549 1067 622 ταύρου
1082 549 1175 621 Δίρκης
1192 547 1318 621 (Εὐριπί.

211 653 226 707 δ
244 674 256 708 ς

226 674 241 720 ’¹
258 652 271 727 )
598 746 637 806 Εί
651 743 684 806 δέ
698 768 756 806 πον
770 744 856 826 τύχοι

297 845 380 925 πέριξ
396 846 504 922 ἑλίξας,
522 842 598 927 είλχ’
614 846 688 922 ὁμοῦ
703 846 809 924 λαβὼν

296 950 431 1027 γυναῖκα,
448 944 569 1026 πέτραν,
587 948 666 1026 δρῦν,
682 944 905 1024 μεταλλάσσων
919 945 974 1007 ἀεί.

252 1169 386 1229 Stobaeus
401 1172 455 1230 ecl.
470 1171 553 1247 phys.
568 1170 628 1229 vol.
643 1188 669 1228 1.
684 1190 714 1246 p.
732 1102 797 1226 ιίδ.
811 1168 899 1224 Heer.

300 1269 378 1330 Δίκα
393 1292 439 1330 τοι
454 1268 520 1330 δίκα
534 1266 663 1348 χρόνιος·
689 1263 757 1329 ἀλλ’
774 1265 851 1342 ὅμως

295 1367 479 1432 ὐποπεσούσ’
496 1368 616 1440 ἔλαθεν,
631 1368 704 1431 ὅταν
720 1366 774 1449 ἔχῃ

298 1469 351 1534 τιν’
368 1472 467 1549 ἀσεβῆ
480 1474 607 1551 βροτῶν.

748 1587 784 1649 16

253 1675 387 1734 Stobaeus
402 1677 455 1734 ecl.
477 1677 561 1752 phys.
584 1675 642 1732 vol.
654 1675 676 1731 1.
691 1694 719 1751 p.
735 1693 800 1732 ιιι.
826 1675 912 1731 Heer.

297 1770 361 1850 Τήν
376 1796 422 1834 τοι
438 1773 532 1850 Δίκην
545 1771 672 1852 λέγουσι
686 1770 765 1833 παῖδ’
780 1769 856 1833 εἶναι
871 1771 999 1849 Χρόνου,

299 1875 429 1937 δείκνυσι
444 1874 469 1938 δ’
483 1873 565 1951 ἡμῶν
580 1874 662 1940 ὅστις
676 1872 738 1936 ἔστ’
753 1870 771 1951 ἢ
785 1873 825 1950 μὴ
841 1873 937 1938 κακός.

254 2095 387 2153 Stobaeus
401 2094 450 2152 68.
465 2115 495 2172 p.
507 2096 577 2168 426.
749 2022 785 2087 17

601 2194 684 2254 Πᾶσι
699 2190 724 2252 δ’
734 2189 876 2271 ἀγγέλλω
890 2194 1021 2269 βροτοῖς,

300 2295 418 2357 έσθλῶν
433 2294 485 2356 ὐπ’
500 2295 614 2373 ἀνδρῶν
630 2293 737 2373 εὐγενῆ
752 2294 886 2373 σπείρειν
900 2291 1000 2354 τέκνα.

254 2519 391 2577 Stobaeus
404 2518 512 2576 ibidem
523 2537 551 2593 p.
561 2533 631 2591 425.
748 2429 785 2489 18

301 2617 396 2693 Κῆδος
411 2614 475 2677 καθ’
491 2613 581 2677 αὐτὸν
595 2613 648 2677 τὸν
663 2612 764 2693 σοφὸν
780 2615 903 2674 κτᾶσθαι
918 2613 1024 2694 χρεών.

749 2768 785 2828 ¹9

256 2839 389 2896 Stobaeus
401 2853 448 2912 70.
464 2858 493 2915 p.
503 2854 572 2912 430.

301 2937 339 2998 Εί
352 2936 420 3001 νοῦς
434 2934 560 2997 ἔνεστιν·
585 2935 611 2996 εί
625 2936 658 2996 δὲ
672 2934 723 3013 μὴ,
738 2935 770 2996 τί
782 2939 829 2997 δεῖ
842 2937 932 3010 καλῆς

299 3036 446 3117 γυναικὸς,
464 3038 491 3100 εί
504 3035 544 3114 μὴ
558 3035 738 3117 τὰς-φρένας
752 3039 884 3119 χρηστὰς
899 3035 985 3118 έχοι;
1008 3115 1011 3121 .

746 3191 787 3236 20

254 3261 337 3318 Plato
352 3260 441 3339 Gorg.
453 3280 481 3337 p.
490 3260 551 3333 484
561 3278 585 3318 e.
596 3262 732 3330 Συμβαίνει
744 3262 795 3333 γὰρ
808 3262 839 3314 τδ
852 3263 899 3314 τοῦ
910 3260 1059 3332 Εὐριπίδου,
1071 3261 1190 3331 λαμπρός
1203 3257 1226 3312 τ’
1242 3258 1316 3313 ἐστὶν

215 3357 324 3415 ἕκαστος
336 3359 365 3415 έν
372 3357 456 3433 τούτῳ

648 3449 727 3512 Κᾶπί
742 3450 819 3512 τούπ’
836 3450 996 3531 ἐπείγεται,

301 3553 399 3633 νέμων
413 3552 447 3616 τὸ
462 3557 608 3615 πλεῖστον
622 3549 731 3631 ἡμέρας
746 3554 839 3637 τούτῳ
854 3550 953 3632 μέρος,

301 3657 341 3721 ἵν’
356 3655 443 3722 αὐτὸς
458 3656 548 3719 αὐτοῦ
562 3652 696 3736 τυγχάνῃ
710 3651 871 3732 βέλτιστος
885 3651 937 3717 ὤν.

214 3760 265 3818 ubi
279 3760 369 3818 schol.
383 3762 416 3815 τὰ
431 3761 535 3830 ἰαμβεῖα
551 3757 623 3813 ταῦτ’
637 3758 711 3812 ἐστὶν
731 3759 760 3828 ἐξ
773 3756 911 3828 'mm
930 3760 978 3815 τοῦ
991 3760 1120 3832 δράματος
1134 3759 1274 3831 Εὐριπίδου
1288 3760 1316 3814 εἰι

214 3859 259 3926 τῆς
272 3857 356 3927 Ζῆθον
368 3856 469 3929 ῥίγσειις
482 3857 548 3928 πρὸς
560 3856 606 3911 τδν
619 3855 737 3926 ἀδελφὸν
749 3854 888 3927 Ἀμφίονα.
910 3855 948 3913 V.
960 3872 988 3927 3.
1011 3858 1148 3927 κράτιστος
1162 3855 1245 3912 Plato
1264 3855 1314 3912 Al·

215 3953 270 4011 cib.
279 3954 319 4012 11.
334 3973 364 4031 p.
384 3951 439 4027 146
450 3971 475 4011 a.
499 3952 643 4011 Plutarch.
658 3952 763 4009 Μοταί.
778 3972 807 4029 p.
815 3968 873 4028 514
888 3971 915 4010 a.
931 3953 990 4028 630
1002 3952 1030 4010 b.

256 4170 338 4228 Plato
351 4168 460 4227 ibidem
475 4187 503 4244 p.
518 4167 576 4242 485
589 4186 615 4226 e.
632 4100 777 4225 Κινδυύεὐλι
788 4098 833 4224 ὐύὐ
840 4170 993 4224 πεπονθέναι
1004 4169 1067 4241 ὅπερ
1078 4172 1092 4222 ὁ
1102 4169 1184 4238 Ζῆθος
1193 4170 1259 4241 πρδς
1269 4170 1316 4224 τὸν

217 4269 346 4341 Ἀμφίονα
370 4269 385 4320 ὁ
407 4267 557 4339 Εὐριπίδου,
573 4265 653 4338 οὐπερ
671 4267 809 4336 ἐμνήσθην.
832 4269 872 4322 καί
891 4268 942 4340 γὰρ
961 4268 1017 4336 ε’μοὶ
1040 4265 1136 4322 τοιαῦτ’
1155 4267 1220 4322 ὄπτα
1238 4268 1315 4340 ε’πέρ·
