2844 4882
577 304 580 315 ·
661 269 890 329 ΕΥΡΙΠΙΔΟΥ

346 434 438 507 ὅρκους
450 456 479 490 τε
493 434 699 508 παραβαίνοντας
711 435 844 508 ἐκπορθεῖν
852 436 952 493 πόλεις.

347 534 389 587 καὶ
401 537 482 587 ταῦτα
496 533 606 605 δρῶντες
616 534 721 603 μᾶλλόν
733 531 784 588 εἶσ’
798 533 946 603 εὐδαίμονες

346 633 398 684 τῶν
411 627 591 695 εὐσεβούντων
604 629 690 700 ἡσυχῆ
705 627 760 684 καθ’
774 629 878 700 ἡμέραν·

345 729 436 783 πόλεις
448 749 478 780 τε
491 728 583 799 μικρὰς
596 721 654 781 οἶδα
667 729 784 797 τιμάσας
797 727 881 791 θεοὺς,

345 821 372 878 αἲ
384 825 505 893 μειζόνων
519 821 630 878 κλύουσι
643 825 872 895 δνσσεβεστέρων,

345 923 445 992 λόγχης
457 921 558 995 ἀριθμῷ
570 921 691 978 πλείονος
704 917 881 994 κρατούμενα.

346 1015 417 1090 οἶμαι
431 1018 453 1074 δ’
467 1016 499 1073 ἂν
513 1019 588 1090 ὑμᾶς,
603 1016 679 1074 εἴτις
692 1019 771 1091 άργὸς
785 1015 820 1073 ιδν
834 1018 903 1075 θεοῖς

346 1121 459 1189 εὔχοιτο,
474 1119 515 1172 καὶ
528 1117 563 1188 pr)
576 1117 644 1188 χειρὶ
653 1116 780 1188 σνλλέγοι
792 1115 862 1181 βίον,

346 1216 380 1269 τὰ
393 1216 449 1270 θεῖα
462 1212 603 1288 πνργοῦσ’,
615 1215 642 1268 αἱ
655 1213 728 1268 κακοί
740 1235 770 1268 τε
778 1212 923 1285 σνμφοραό.

758 1325 798 1373 22

265 1413 400 1472 Stobaeus
413 1410 462 1487 98.
479 1431 508 1488 p.
518 1426 587 1487 539.

312 1506 393 1588 Πρὸς
407 1506 461 1585 τὴν
476 1508 570 1570 νόσον
583 1532 630 1571 τοι
645 1507 693 1571 καὶ
706 1507 760 1571 τὸν
775 1507 876 1589 ἰατρὸν
890 1511 988 1593 χρεὼν

312 1607 400 1673 ἰδόντ’
417 1611 528 1682 ἰᾶσθαι,
543 1609 584 1688 μὴ
600 1610 735 1674 ’τιτακτδι
746 1609 888 1692 φάρμακα

311 1709 428 1785 διδόντ’,
446 1713 500 1775 ἐὰν
513 1712 553 1790 μὴ
568 1715 660 1776 ταῦτα
674 1715 709 1793 τῇ
725 1714 805 1798 νόσιρ
821 1713 927 1795 τρέπῃ.

758 1833 797 1901 23

267 1917 401 1976 Stobaeus
416 1917 536 1976 ibidem.

312 2013 411 2076 Νόσοι
426 2015 458 2077 δὲ
473 2018 587 2093 θνητῶν
602 2015 633 2077 αἱ
646 2013 703 2093 μέν
719 2016 777 2079 εἰτ’
793 2015 971 2097 αὐθαίρετοι,

313 2118 344 2180 αἱ
358 2116 385 2179 δ’
401 2118 434 2180 ἐκ
450 2120 525 2180 θεῶν
539 2116 688 2198 πάρεισιν,
705 2119 787 2182 ἀλλὰ
797 2121 837 2204 τῷ
853 2119 934 2204 νόμιρ

312 2217 410 2300 ἷόμεό
430 2217 530 2286 αιἰτάς.
561 2219 643 2283 άλλά
658 2246 708 2283 σοι
721 2219 806 2299 λέξαι
822 2219 913 2299 θέλω,

313 2324 340 2385 εἰ
355 2322 422 2385 θεοί
432 2347 461 2384 τι
475 2325 585 2402 δρῶσιν
600 2322 736 2405 αἰσχρὸν,
749 2322 801 2386 οὐκ
817 2323 895 2386 εἰσὶν
911 2322 984 2386 θεοί.

226 2429 264 2484 V.
278 2446 304 2503 3.
328 2426 475 2484 Plutarch.
487 2426 595 2483 Moral.
611 2446 642 2504 p.
656 2445 688 2484 ιι
704 2446 733 2500 α,
758 2444 833 2502 ιο49
843 2444 868 2484 e.
894 2426 943 2502 qui
958 2425 1055 2502 priore
1068 2425 1134 2484 loco
1148 2445 1202 2504 pro
1217 2429 1337 2502 αἰσχρὸν

226 2526 316 2584 habet
329 2528 442 2598 φαῦλον,
454 2535 487 2580 ut
500 2522 609 2585 Justin.
622 2523 666 2580 M.
681 2542 709 2599 p.
725 2523 791 2580 108.

759 2637 801 2698 24

268 2724 415 2782 Plutarch.
424 2723 531 2781 Moral.
546 2743 576 2798 p.
588 2737 646 2798 475
657 2742 682 2781 c.
694 2723 842 2802 Diogenes
854 2723 952 2781 Laert.
964 2721 1018 2789 IV,
1032 2721 1078 2779 26.
1095 2721 1200 2780 Suidas
1208 2723 1240 2781 in
1250 2725 1334 2797 οἶμοι,

229 2831 392 2909 Hesychius
406 2832 502 2888 Miles.
514 2851 544 2907 p.
563 2847 610 2905 23.

349 2927 435 3000 Οἶμαι,
450 2930 476 2985 τό
489 2929 512 2984 δ’
526 2928 614 2999 οἶμαι
637 2928 716 2997 θνητά
730 2949 770 2981 τοι
784 2929 955 2996 πεπόνθαμεν.

760 3039 800 3106 ²5

269 3128 402 3186 Stobaeus
417 3144 481 3184 110.
496 3146 525 3201 p.
539 3127 608 3201 581.

312 3221 407 3306 Ὁρᾷς
421 3222 447 3285 δ’
464 3220 602 3285 ἀέλπτων
615 3223 727 3303 μυρίων
742 3221 946 3303 άνοστροφάς.

314 3327 426 3389 πολλοὶ
439 3326 495 3403 μὲν
510 3324 597 3404 οἶδμα
612 3323 756 3406 διέφυγον
771 3323 951 3397 θαλάσσιον,

314 3429 425 3492 πολλοὶ
440 3429 472 3490 δὲ
483 3429 610 3510 λόγχαις
622 3428 774 3505 πολεμίων
789 3427 944 3505 ἀμείνονες

313 3534 426 3611 ἥσσονς
439 3535 567 3612 γεγῶτες
582 3528 729 3611 κρείσσον’
745 3529 840 3609 ἦλθον
855 3533 896 3596 εἷς
910 3530 1012 3613 τύχην.

760 3633 801 3697 26

269 3738 402 3797 Stobaeus
420 3755 445 3792 2.
461 3755 489 3811 p.
500 3752 549 3809 30.
570 3734 701 3810 Theoph.
715 3735 897 3812 adAutolyc.
913 3756 941 3811 p.
959 3753 1025 3812 ¹¹5·
1047 3737 1091 3795 ed.
1104 3737 1196 3795 Paris.

313 3832 460 3898 Olllnor'
477 3830 615 3914 εὐτυχίαν
631 3834 721 3893 κακοῦ
735 3831 840 3913 ἀνδρὸς
854 3831 1028 3914 ὑπέρφρονά
1042 3833 1068 3896 τ’
1085 3836 1183 3912 ὄλβον

312 3934 443 4016 βέβαιον
458 3932 574 3996 εἰκάσαι
589 3934 696 4016 χρεὸν,

313 4040 375 4102 οὐδ’
392 4039 499 4101 ἀδίκων
513 4035 630 4118 γενεάν·
659 4039 675 4099 ὁ
691 4040 749 4118 γὰρ
764 4037 884 4104 οὐδενὸς
899 4038 989 4119 ἐκφὺς

314 4143 421 4222 χρόνος
436 4141 563 4205 δικαίους
579 4137 698 4219 ἐπάγων
714 4138 841 4204 κανόνας

313 4245 460 4306 δείκνυσιν
475 4242 637 4322 ἀνθρώπων
653 4237 811 4318 κακότητας
825 4242 899 4318 ἐμοί.
