2850 4898
511 287 854 348 ΑΠΟΣΠΑΣΜΑΤΙΑ.
1170 281 1235 351 867

127 478 202 529 χεται
223 458 289 529 πρὸς
308 457 342 510 σί
355 457 452 529 λέγειν,
464 452 555 530 οἷάπερ
569 458 664 515 ἐκεῖνος
676 458 743 529 πρὸς
755 459 802 512 τδν
814 456 941 528 άδελφδν,
956 455 996 511 θτι
1017 455 1130 526 ἀμελεῖς,
1145 451 1168 509 ιθ
1180 456 1232 509 Σίν-

128 575 228 627 κρατες,
244 547 279 608 εῖν
291 554 375 608 δεῖσε
390 555 578 624 ἐπιμελεῖσθαι,
600 557 642 610 καὶ
661 553 745 628 φάσιν
760 557 851 627 ψυχῆς
869 548 919 609 ιύδε
936 553 1054 626 γενναίαν
1073 553 1234 624 μειρακιύδει

127 654 179 707 τινὶ
191 652 341 723 διαπρέπεις
350 653 518 724 μορφώματι,
532 653 574 707 καὶ
588 650 643 707 οὐτ’
654 650 686 707 ίιν
699 653 770 723 δίκης
782 656 908 719 βουλαῖσι
921 653 1027 724 προθεῖο
1040 648 1073 707 άν
1091 651 1175 723 ὀρθῶς
1187 655 1234 708 λό«

127 771 186 823 γον,
200 748 255 803 οὐτ’
269 749 337 806 είκδς
350 752 392 804 καὶ
404 749 513 805 πιθανὸν
526 746 557 804 ἂν
574 751 677 816 λάβοις,
700 749 755 806 οὔθ
772 751 837 824 ὑπὲρ
858 751 947 805 ἄλλων
969 752 1082 806 νεανικὸν
1099 749 1234 822 βούλευμα

128 844 297 911 βουλεύσαιο.
319 845 370 903 ubi
384 845 623 922 olympiodorus,
634 849 696 918 δρᾷς
704 851 768 911 πάις,
780 848 921 919 Εὐριπίδου
931 849 1081 920 γυναικώδει
1091 849 1232 921 εἰρηκότος,

129 947 207 1002 αὐτὸς
215 947 374 1018 μειρακιώδει
388 941 452 1000 εῖπε.
489 943 623 1001 Philostr.
634 943 687 1000 vit.
700 943 838 1018 Apollon.
849 943 902 1010 IV,
916 962 963 1001 21.
978 964 1006 1020 p.
1022 945 1084 1002 160.
1117 944 1142 1000 οί
1157 949 1234 1018 (ἔφη-

128 1043 275 1118 βοι)-νῦν
288 1041 354 1100 ἴσως
367 1043 607 1114 ὐμοῦνται-κόρυν
619 1042 667 1112 μὲν
680 1042 801 1112 οὐδεμίαν
814 1043 914 1114 φίρειν,
932 1044 1106 1118 γυναικομίμῳ
1121 1045 1150 1099 δι’
1167 1066 1232 1117 μορ-

130 1143 235 1214 φώματι
248 1142 311 1195 κατά
325 1142 371 1195 τὸν
385 1140 534 1214 Εὐριπίδην.
555 1136 601 1195 Ad
616 1156 698 1213 seqq.
713 1137 880 1215 Olympiod.
895 1140 1034 1212 Εὐριπίδης
1044 1137 1124 1196 εἶπεν·
1138 1143 1179 1196 καὶ
1187 1142 1234 1197 οὐκ

129 1236 161 1293 άν
182 1238 294 1294 ἀσπίδος
315 1236 386 1293 κάτει
409 1236 620 1310 προσομιλίηοης.
642 1235 720 1293 αὐτος
741 1239 772 1292 δέ
793 1241 872 1310 φησι,
887 1238 967 1296 δίκαις
990 1242 1126 1314 σχολάζει,
1145 1235 1168 1295 ιθ
1179 1242 1233 1295 Σίν·

131 1357 231 1407 κρατες.

666 1445 705 1512 23

172 1514 307 1575 Stobaeus
319 1532 368 1590 30.
384 1535 413 1592 p.
424 1533 493 1591 209.

216 1611 310 1692 Ἀνὴρ
324 1614 382 1694 γὰρ
397 1612 489 1686 ὅστις,
507 1611 539 1676 εὐ
553 1612 625 1690 βίον
641 1610 825 1691 κεκτημένος,

219 1717 255 1778 τὰ
268 1717 325 1795 μὲν
340 1715 402 1779 κατ’
417 1717 514 1781 οἴκους
529 1714 638 1798 άμελίιρ
652 1713 755 1794 παρείς
770 1715 817 1797 ἐᾷ,

216 1822 364 1896 μολπαῖσι
378 1817 404 1880 δ’
418 1816 520 1895 ἡσθεὶς
534 1815 612 1878 τούπ’
626 1815 673 1878 ἀεὶ
688 1816 851 1896 θηρεύεται,

219 1919 309 2001 άργὸς
322 1921 378 1999 μὲν
392 1921 482 1985 οἴκοις
493 1917 540 1981 καὶ
555 1918 642 1980 πόλει
656 1916 825 1998 γενήσεται,

219 2025 338 2104 φίλοισι
353 2022 379 2085 δ’
394 2021 497 2087 οὐδείς·
521 2020 540 2098 ἡ
555 2021 646 2101 φόσις
659 2022 718 2101 γὰρ
733 2021 859 2102 οἴχεται,

219 2126 293 2188 όταν
308 2125 448 2206 γλυκείας
461 2124 568 2203 ἡδονῆς
580 2122 686 2200 ἥσσων
701 2147 744 2188 τις
758 2119 787 2201 ᾖ.

133 2227 171 2287 V.
185 2228 274 2302 3-6.
291 2229 375 2287 affert
386 2228 494 2287 Sextus
509 2226 619 2303 Empir.
635 2246 665 2303 p.
676 2226 746 2301 363.

669 2359 710 2419 24

175 2431 271 2509 Pergit
283 2431 364 2487 Plato
378 2448 407 2505 p.
423 2427 483 2501 486
493 2430 520 2487 b.
553 2430 643 2484 Καίτοι
660 2433 716 2486 πῶς
734 2430 822 2500 σοφδν
839 2427 910 2484 τοῦτ’
929 2430 1011 2495 ε’στίν,
1027 2425 1048 2486 ά
1061 2434 1201 2505 Σώκρατες,
1212 2431 1238 2488 εί

134 2552 174 2588 τις
191 2532 275 2602 εὐφυᾶ
294 2532 416 2595 λαβοῦσα
434 2530 511 2599 τέχνη
531 2530 608 2600 φάντα
626 2528 699 2597 ἔθηκε
711 2528 825 2600 χείρονα,
840 2527 904 2597 μήτε
918 2529 997 2583 αὐτόν
1010 2529 1079 2604 αὐτῷ
1098 2532 1237 2602 δυνάμενον

134 2628 241 2697 βοηθεῖν
253 2625 312 2697 μήτ’
327 2625 442 2680 ε’κσῶσαι
455 2647 478 2680 κ.
494 2647 519 2682 τ.
531 2629 559 2681 λ.

667 2749 706 2819 25

176 2824 259 2881 Plato
272 2821 381 2881 ibidem
397 2842 423 2880 c.
433 2822 503 2889 άλλ’,
513 2818 607 2896 ιθγαθί,
618 2825 675 2894 ε’μοὶ
684 2823 784 2888 πείθου,
799 2826 898 2878 παῦσαι
911 2822 934 2878 δ’
942 2824 1069 2897 ε’λέγχων,
1081 2827 1238 2898 πραγμάτων

136 2919 160 2975 δ’
170 2919 311 2990 εὐμουσίαν
325 2921 409 2986 άσκει,
424 2922 465 2975 καὶ
478 2920 553 2974 ἄσκει
571 2921 666 2975 ὁπόθεν
680 2920 764 2990 δόξεις
778 2921 894 2992 φρονεῖν,
907 2921 1000 2977 ιῖλλοις
1017 2924 1050 2975 τὰ
1064 2923 1154 2993 κομψά
1167 2922 1238 2976 ταῦτ’

136 3017 213 3089 ἀφεῖς
226 3016 277 3072 ε’ίτε
290 3017 425 3091 ληρήματα
439 3019 489 3090 χρὴ
503 3019 583 3090 φάναι
597 3012 661 3071 εῖναι
674 3015 725 3071 ε’ίτε
740 3016 879 3089 φλυαρίας,

225 3113 257 3191 ἐξ
272 3109 313 3175 ὦν
329 3112 461 3176 κενοῖσιν
477 3110 697 3193 ἐγκατοικήσεις
711 3113 820 3190 δόμοις.

138 3216 193 3274 Ηίς
207 3216 355 3275 interserit
369 3215 504 3274 Stoboeus
515 3229 564 3290 54.
579 3234 608 3290 p.
620 3214 690 3289 369.

438 3310 547 3374 τοιαῦτ’
558 3310 648 3382 άειδε,
665 3309 713 3372 καὶ
727 3306 820 3388 δόξεις
834 3314 958 3391 φρονεῖν

224 3411 373 3485 σκάπτων,
391 3413 470 3494 άρῶν
484 3415 551 3492 γῆν,
566 3411 712 3488 ποιμνίων
727 3413 904 3485 ἐπιστατῶν,

224 3515 330 3581 ἄλλοις
343 3517 381 3577 τὰ
396 3516 500 3595 κομψὰ
514 3514 595 3576 ταῦτ’
611 3514 698 3594 ἀφεὶς
713 3515 896 3594 σοφίσματα.

137 3627 374 3705 Olympiodorus‚
388 3629 482 3685 ἐκεῖνος
495 3623 550 3684 εἶπε
563 3632 601 3703 τῷ
612 3628 745 3700 Ἀμφίονι,
761 3627 802 3683 ὅτι
819 3632 940 3701 πολέμου
959 3631 987 3685 δι’
1005 3630 1146 3702 εὐμουσίαν
1154 3633 1238 3698 ἄσκει,

137 3724 213 3783 οὗτος
227 3727 257 3780 δέ
269 3730 339 3798 φησι
349 3727 515 3799 πραγμάτων.

177 3925 404 4003 Olympiodorus
422 3936 454 3983 et
477 3924 633 3982 scholiasta
657 3838 786 3983 Ιθύιοπίς
799 3944 827 4001 p.
844 3938 909 4000 115.
945 3928 1026 3997 Ζῆθόι
1040 3930 1108 4000 φησι
1121 3934 1159 4006 τῷ
1171 3929 1234 4001 ’Ap-

138 4023 221 4094 φίονι,
250 4027 367 4099 μουσικῷ
387 4021 452 4089 θντι,
466 4022 560 4095 Ῥῖψον
581 4024 628 4092 τὴν
645 4021 737 4095 λύραν,
759 4024 872 4095 κε’χρησο
893 4024 922 4078 δὲ
942 4022 1033 4081 ὅπλοις
1055 4025 1185 4104 (Olymp.
1200 4032 1241 4085 καί

137 4121 251 4193 κε’χρησο
265 4119 317 4196 θ.).

179 4301 237 4360 Βία
248 4302 398 4378 Chrysost.
414 4320 456 4360 or.
468 4317 517 4376 73.
532 4321 562 4379 p.
573 4301 631 4377 635
648 4227 749 4361 φησι
770 4303 864 4361 ἐκεῖνος
886 4303 1023 4379 (Zethus)
1046 4306 1171 4362 ἐνουθέτει
1195 4311 1241 4362 τὸν

221 4417 287 4458 τοι..
299 4418 333 4456 ιι.
662 4400 710 4458 nd
