2850 4898
157 284 222 357 916
614 289 842 351 ΕΎΡΙΠΙΔΟΎ

243 456 266 545 ᾦ
280 461 338 541 γδρ
353 459 420 525 θεδς
434 459 535 522 δίδωσι
549 459 589 537 μὴ
603 461 694 540 φῦναι
708 457 807 530 τέκνα,

242 562 277 624 οὗ
291 561 349 645 χρὴ
362 559 549 643 ’γκαλεῖσθαι
563 560 635 642 πρὸς
646 561 680 624 τδ
696 566 788 634 θεῖον,
804 559 872 624 άλλ’
890 563 954 625 ἑῶν.

196 782 329 842 Stobaeus
342 786 392 844 60.
407 805 437 861 p.
453 785 521 858 384.
685 717 724 761 10

242 884 363 944 Δοῦλον
376 883 434 962 γὰρ
450 879 563 943 έσθλδν
577 878 693 959 τοῦνομ’
710 879 744 942 οὐ
759 883 922 961 διαφθερεῖ,

240 983 351 1046 πολλοὶ
365 985 392 1046 δ’
407 984 544 1063 ἀμείνους
559 983 617 1047 είσὶ
631 988 690 1045 τῶν
705 981 880 1062 ἐλευθέριον.

197 1199 330 1258 Stobaeus
346 1199 395 1272 84.
410 1218 438 1274 p.
451 1215 520 1273 493.
681 1130 716 1174 H

237 1292 318 1377 Ἐγὼ
333 1296 389 1374 μὲν
404 1296 458 1359 οὖν
472 1295 525 1358 οὐκ
539 1294 592 1359 οἶδ’
608 1297 687 1362 ὅπως
701 1300 825 1359 σκοπεῖν
838 1295 937 1377 χρεὸν

238 1397 292 1475 τὴν
307 1395 470 1477 εὐγένειαν·
494 1397 561 1463 τοὺς
575 1400 632 1478 γὰρ
647 1398 797 1478 ἀνδρείους
812 1398 905 1477 φύσιν

239 1498 286 1561 καὶ
299 1498 366 1563 τοὺς
380 1501 507 1564 δικαίους
520 1503 579 1560 τῶν
595 1504 687 1561 κενῶν
701 1495 903 1576 δοξασμάτων,

238 1595 293 1662 κᾶν
307 1595 363 1660 ῶσι
378 1599 502 1670 δούλιον,
520 1596 747 1680 εὐγενεστέρους
760 1599 851 1680 λέγω.

682 1763 692 1804 1

193 1845 325 1902 Stobaeus
339 1844 441 1921 Eclog.
456 1844 541 1920 Phys.
557 1846 615 1902 vol.
632 1846 654 1902 I.
671 1762 787 1921 p.2108.

236 2047 379 2123 πτεροῖσι,
398 2039 507 2105 κᾶπειτ’
524 2044 558 2105 έν
574 2043 646 2109 Διδς
662 2042 767 2105 δέλτου
781 2048 906 2125 πτυχαῖς

234 2144 363 2226 γράφειν
377 2142 431 2207 τιν’
448 2144 531 2217 αὐτὰ,
549 2149 632 2223 Ζῆνα
646 2144 670 2207 δ’
687 2144 848 2226 εῖσορῶντά
863 2170 911 2208 νιν

236 2251 352 2325 θνητοῖς
366 2244 509 2320 δικάζειν;
533 2244 593 2308 οὐδ’
610 2248 626 2307 ὁ
640 2251 697 2310 πῶς
711 2242 749 2308 ἂν
764 2245 888 2325 οὗρανδς

236 2348 309 2415 Διὸς
322 2347 490 2430 γράφοντος
504 2350 556 2414 τδς
569 2354 687 2427 βροτῶν
701 2349 843 2429 ἁμαρτίας

236 2449 431 2531 ἐξαρκέσειεν,
448 2447 507 2511 οὐδ’
525 2452 636 2515 ἐκεῖνος
650 2447 688 2512 ἂν
703 2455 823 2513 σκοπῶν

233 2551 361 2631 πέμπειν
377 2551 490 2636 ἑκάστῳ
505 2554 618 2631 ζημίαν·
643 2551 711 2615 ἀλλ’
726 2552 745 2631 ἡ
761 2552 837 2630 Δίκη

236 2649 363 2712 ἐνταῦθά
377 2651 435 2712 πού
448 2648 526 2712 ’στιν
541 2651 638 2736 ἐγγὺς,
656 2653 683 2713 εί
695 2648 839 2729 βούλεσθ’
855 2651 938 2731 ὀρῶν.

189 2756 221 2828 β.
235 2751 341 2816 ταύτας
355 2752 411 2829 μὲν
426 2752 634 2832 άυθριάποισιν,
651 2749 674 2813 ὦ
689 2752 787 2832 γύναι,
804 2750 866 2813 θεοὶ

233 2853 326 2918 τίσεις
340 2856 479 2926 διδοῦσιν,
496 2854 546 2919 οθς
561 2852 598 2916 δν
614 2851 783 2936 έχθαίρωσ’,
800 2852 865 2939 ἐπεὶ

233 2955 268 3016 οὕ
283 2962 358 3035 σφιν
372 2957 503 3035 πονηράν
517 2957 609 3018 ἐστιν.

681 3102 692 3144 l

189 3185 324 3243 Stobaeus
338 3185 400 3242 Ecl.
417 3185 502 3261 Phys.
517 3187 576 3242 vol.
593 3185 616 3242 I.
633 3206 662 3261 p.
682 3101 751 3259 οἷς.

233 3282 297 3346 Οὐκ
312 3282 376 3345 ἔστι
390 3281 571 3362 πράττοντάς
585 3307 613 3345 τι
626 3280 779 3364 μοχθηρὸν
792 3285 908 3344 λαθεῖν·

233 3381 285 3459 ὀξὺ
298 3380 408 3460 βλέπει
423 3386 480 3463 γὰρ
495 3384 512 3444 ὀ
527 3384 645 3464 χρόνος,
662 3383 694 3450 δς
708 3387 745 3447 τὰ
759 3380 845 3446 πάνθ
863 3385 929 3466 δρᾷ.

678 3544 715 3604 ¹4

186 3629 320 3688 Stobaeus
334 3628 382 3704 67.
398 3648 425 3703 p.
441 3645 510 3703 423.
533 3629 675 3686 Eusebius
690 3630 720 3686 P.
731 3630 765 3687 E.
779 3630 816 3687 Χ.
831 3650 859 3705 p.
874 3629 944 3703 466.

230 3728 291 3802 Τῆς
304 3725 360 3803 μὲν
375 3727 462 3802 κακῆς
477 3723 577 3787 κάκιον
592 3724 679 3787 οὐδὲν
693 3726 828 3807 γίγνεται

231 3825 378 3907 γυναικὸς,
396 3827 505 3904 ἐσθλῆς
520 3824 543 3887 δ’
559 3826 646 3888 οὐδὲν
662 3829 703 3894 είς
715 3829 888 3908 ὑπερβολὴν

230 3923 336 4006 πέφυκ’
353 3927 485 4004 ἄμεινον,
502 3925 676 4007 διαφέρουσι
691 3927 715 3991 δ’
732 3931 763 3992 αῖ
777 3931 893 4010 φύσεις.

674 4089 711 4156 Ι5

185 4159 317 4216 stobaeus
331 4158 381 4217 68.
395 4179 424 4234 p.
439 4176 508 4233 425.
552 4175 555 4182 ’

229 4253 345 4332 Γάμους
359 4252 383 4315 δ’
399 4254 468 4317 ὅσοι
483 4255 644 4322 σπεύδουσι
658 4254 697 4333 μὴ
711 4254 928 4335 πεπραμένους,
