2850 4898
220 293 285 361 942
662 296 890 356 ΕΥΡΙΠΙΔΟΥ

220 481 283 520 esse
297 462 344 520 Ol.
361 480 411 537 91,
433 480 455 518 ι.
476 472 601 519 testatur
617 461 752 519 AElianus
766 462 805 520 V.
821 463 860 519 H.
877 462 916 528 ll,
933 463 960 520 8.
982 464 1041 534 Qui
1062 463 1099 522 ab
1126 464 1324 522 Pseudo-Plu·

220 560 321 617 tarcho
335 559 365 615 in
380 559 454 615 libro
469 558 506 615 de
519 559 634 633 placitis
647 559 886 634 philosophorum
901 561 1062 618 afferuntur
1070 580 1104 618 ex
1118 561 1246 639 Sisypho
1260 563 1323 623 Eu.-

219 658 319 733 ripidis
337 676 446 723 versus,
471 675 529 713 non
552 657 639 734 hujus
663 669 741 721 sunt,
767 658 817 714 sed
841 658 940 716 eritiae
961 660 1038 735 apud
1064 659 1186 718 Sextum
1207 661 1322 737 Empir.

219 773 248 829 p.
264 754 334 829 562.
358 754 403 811 De
418 773 475 829 quo
491 753 601 811 dictum
616 755 653 812 ab
669 753 778 811 Baebio
793 755 830 812 ad
844 756 942 813 critiae
952 755 1117 836 fragmenta
1128 777 1159 833 p.
1170 758 1221 832 56.
1237 777 1321 834 seqq.

760 902 773 944 1

260 967 375 1034 Suldas,
388 970 490 1042 Xalpo:
508 970 595 1038 δοτικῇ
608 971 639 1023 νδ
650 970 829 1042 είφροίνομαι,
844 975 885 1027 καλ
898 973 980 1044 χαίρω
994 995 1027 1028 σε
1037 973 1192 1043 ε’ληλνθάτα.
1205 973 1322 1046 Ὀρωπι-

218 1069 258 1122 καί
271 1065 338 1122 οὕτω
351 1067 485 1139 λέγουσιν.
507 1067 647 1139 Εὐριπίδης
660 1067 770 1142 Σισύφῳ

304 1161 405 1240 Χαίρω
420 1185 453 1222 τε
468 1157 507 1233 σ’,
523 1157 546 1221 ῶ
560 1159 723 1238 βέλτιστον
741 1160 907 1240 Ἀλκμήνης
920 1160 1014 1234 τέκος,

303 1264 322 1303 ¹*
388 1263 407 1302 ¹*
472 1262 525 1325 τόν
540 1287 572 1325 τε
586 1262 692 1343 μιαρὸν
707 1265 886 1341 έξολωλότα.

216 1367 318 1424 Priora
331 1369 417 1440 Χαίρω
431 1370 462 1421 σὲ
476 1365 671 1442 ε’λ.-Σισῦφφ
689 1367 778 1424 habet
793 1367 880 1424 etiam
896 1367 1025 1444 Etymol.
1040 1367 1085 1425 M.
1100 1387 1130 1445 p.
1146 1368 1216 1436 808,
1232 1389 1263 1444 4.
1280 1371 1318 1429 V.

219 1482 246 1523 ν.
269 1466 379 1521 ελθόντα
393 1465 510 1542 supplet
524 1463 744 1521 Valckenarius.

259 1688 433 1765 Hesychius,
446 1688 595 1745 Ἐλίσσωνε
617 1692 728 1754 πλέκων,
743 1617 914 1761 ψίαυδάμενος,
926 1690 972 1744 οὐκ
982 1691 1025 1744 ε’πλ
1037 1690 1136 1746 εὐθείας
1148 1692 1235 1762 λέγων
1250 1689 1266 1760 ἢ
1280 1714 1318 1746 κι-

216 1792 275 1844 νῶν.
298 1787 438 1860 Εὐριπίδης
451 1784 570 1861 Σισύφῳ.

676 2040 840 2098 ΣΚΙΡΩΝ.

757 2183 768 2224 l

257 2255 358 2311 Pollux
373 2253 411 2318 X,
426 2266 476 2327 35.
498 2258 554 2307 Τῶν
574 2251 733 2324 ἀδοξοτέρων
753 2252 768 2321 ἡ
789 2250 902 2323 χαμεὺνη
924 2252 964 2305 καί
981 2254 1014 2307 τδ
1030 2251 1178 2324 χαμείινιον.
1211 2255 1239 2309 έν
1252 2259 1318 2327 γοῦν

215 2359 252 2428 τῷ
265 2356 394 2427 σατυρικῷ
407 2353 512 2424 Σκίρωνι
526 2351 665 2421 Εὐριπίδης
679 2351 748 2421 φησὶ

301 2447 418 2529 Σχεδὸν
431 2446 564 2527 χαμεύνη
579 2446 742 2524 σύμμετρος
758 2445 914 2522 Κορινθίας

300 2547 412 2620 παιδὸς,
429 2546 605 2627 κναφάλλου
627 2545 651 2610 δ’
667 2546 724 2627 οὐχ
742 2547 921 2626 ὑπερτείνας
934 2547 1022 2610 πόδα.

255 2765 355 2822 Pollux
371 2763 423 2832 IX,
436 2781 451 2837 7
455 2782 484 2838 5.
514 2765 586 2834 Τάχα
600 2764 622 2818 δ’
637 2761 669 2818 άν
678 2762 716 2832 ε’ίη
730 2694 802 2837 κάρη,
814 2765 847 2821 ῶς
860 2765 1001 2837 Εὐριπίδης
1014 2765 1133 2836 ὠνόμασε
1146 2767 1276 2838 παρθένον
1287 2767 1315 2820 ἐν

214 2865 328 2937 Σκίρωνι,
343 2864 427 2936 λέγων
440 2864 500 2933 περὶ
514 2866 566 2916 τῶν
579 2863 606 2915 έν
620 2862 737 2937 Κορίνθῳ
750 2865 908 2934 ἑταιρουσῶν

301 2959 359 3022 Καὶ
373 2960 424 3023 τδς
437 2958 493 3037 μὲν
508 2957 572 3034 άξει
585 2962 687 3019 πῶλον
702 2953 740 3019 δν
755 2960 837 3041 διδῷς
853 2957 916 3030 ἕνα,

298 3064 350 3126 τὰς
365 3062 397 3122 δὲ
412 3057 552 3139 ξυνωριδ,
569 3060 600 3122 αἱ
614 3060 647 3122 δὲ
663 3059 733 3121 κάπὶ
747 3057 902 3139 τεσσάρων

299 3167 444 3242 φοιτῶσιν
459 3161 556 3223 ἵππων
571 3161 715 3242 ἀργυρῶν·
739 3164 863 3241 φιλοῦσι
878 3163 910 3224 δὲ

299 3266 351 3328 τὰς
365 3264 396 3340 ἐξ
413 3263 547 3341 Ἀθηνῶν
561 3261 735 3343 παρθένους,
751 3263 824 3325 ὅταν
839 3261 931 3343 φέρῃς

298 3363 423 3431 πολλάς.

211 3472 258 3525 τὰς
270 3472 317 3539 μέν
332 3467 377 3523 οὖν
389 3470 530 3542 παρθένους
543 3470 617 3541 λέγοι
631 3467 663 3523 δν
675 3472 720 3526 τὰς
735 3473 821 3544 κάρος,
836 3467 876 3526 αἶς
889 3471 1071 3542 ε’νεκεχάρακτο
1082 3469 1191 3539 Ἀθηνᾶς
1203 3472 1310 3542 πρόσω·

211 3588 261 3621 πον
274 3565 314 3639 (ξ.
329 3582 375 3639 74.
390 3569 450 3638 κόρη
469 3568 582 3636 νόμισμα
601 3566 661 3638 παρ’
674 3566 817 3637 Ἀθηναίοις
835 3566 890 3643 ἢν)·
914 3567 974 3622 ὅθεν
993 3568 1024 3620 τὸ
1041 3569 1155 3637 νόμισμα
1174 3565 1245 3621 τοῦτ’
1259 3573 1310 3622 Εὔ-

209 3666 308 3729 βουλος
321 3663 349 3717 έν
361 3661 473 3735 Ἀγχίσῃ
488 3665 560 3716 καλεῖ
573 3665 722 3720 Παλλάδος·
738 3667 827 3719 πῶλον
843 3664 871 3718 δέ
885 3667 916 3718 τὸ
933 3666 1047 3734 νόμισμα
1060 3664 1091 3718 τδ
1110 3664 1255 3736 Κορίνθιον,
1270 3664 1312 3720 ὅτι

211 3760 336 3835 Πήγασον
349 3755 419 3831 εἶχεν
431 3760 646 3829 ἐντετυπωμένον.

250 3986 409 4044 Athenaeus
424 3984 479 4042 Ill.
495 4004 524 4061 p.
542 3985 580 4059 76
595 4005 621 4044 c.
643 3901 802 4057 Μημνίύει
816 3989 845 4043 δὲ
858 3992 910 4043 τῶν
923 3989 1012 4060 ε’ρινῶν
1026 3986 1112 4041 σύκων
1125 3987 1265 4060 Εὐριπίδης
1284 3989 1312 4043 έν

210 4095 314 4159 Σκίρωνι
502 4160 548 4224 Ἦ
563 4163 789 4243 προσπηγνύναι

297 4263 413 4346 κράδαις
428 4266 545 4345 ἐριναῖς.
