<?xml version="1.0" encoding="UTF-8"?>
<!DOCTYPE html PUBLIC "-//W3C//DTD XHTML 1.0 Transitional//EN"
    "http://www.w3.org/TR/xhtml1/DTD/xhtml1-transitional.dtd">
<html xmlns="http://www.w3.org/1999/xhtml" xml:lang="en" lang="en">
 <head>
  <title>
</title>
<meta http-equiv="Content-Type" content="text/html;charset=utf-8" />
  <meta name='ocr-system' content='tesseract 3.04.00' />
  <meta name='ocr-capabilities' content='ocr_page ocr_carea ocr_par ocr_line ocrx_word'/>
</head>
<body>
  <div class='ocr_page' id='page_1' title='image "./tragoediaesuper00eurigoog_0472.png"; bbox 0 0 2850 4898; ppageno 0'>
   <div class='ocr_carea' id='block_1_1' title="bbox 220 273 930 338">
    <p class='ocr_par' dir='ltr' id='par_1_1' title="bbox 220 273 930 338">
     <span class='ocr_line' id='line_1_1' title="bbox 220 273 930 338; baseline -0.023 12"><span class='ocrx_word' id='word_1_1' title='bbox 220 273 285 338; x_wconf 84' lang='lat'>898</span> <span class='ocrx_word' id='word_1_2' title='bbox 704 273 930 335; x_wconf 74' lang='grc' dir='ltr'>Εςνιιιιιιος</span> 
     </span>
    </p>
   </div>
   <div class='ocr_carea' id='block_1_2' title="bbox 216 440 1321 4262">
    <p class='ocr_par' dir='ltr' id='par_1_2' title="bbox 308 440 1017 523">
     <span class='ocr_line' id='line_1_2' title="bbox 308 440 1017 523; baseline 0.003 -19"><span class='ocrx_word' id='word_1_3' title='bbox 308 444 349 507; x_wconf 84' lang='grc' dir='ltr'>είς</span> <span class='ocrx_word' id='word_1_4' title='bbox 363 442 522 523; x_wconf 76' lang='grc' dir='ltr'>φροντίδας</span> <span class='ocrx_word' id='word_1_5' title='bbox 537 444 608 503; x_wconf 83' lang='grc' dir='ltr'>νοῦν</span> <span class='ocrx_word' id='word_1_6' title='bbox 623 440 778 522; x_wconf 80' lang='grc' dir='ltr'>συμφοράς</span> <span class='ocrx_word' id='word_1_7' title='bbox 792 440 815 503; x_wconf 86' lang='grc' dir='ltr'>τ’</span> <span class='ocrx_word' id='word_1_8' title='bbox 832 444 1017 522; x_wconf 72' lang='grc' dir='ltr'>ἐβαλλόμην,</span> 
     </span>
    </p>

    <p class='ocr_par' dir='ltr' id='par_1_3' title="bbox 308 542 979 627">
     <span class='ocr_line' id='line_1_3' title="bbox 308 542 979 627; baseline -0.001 -21"><span class='ocrx_word' id='word_1_9' title='bbox 308 542 405 624; x_wconf 88' lang='grc' dir='ltr'>φνγός</span> <span class='ocrx_word' id='word_1_10' title='bbox 420 542 445 604; x_wconf 78' lang='grc' dir='ltr'>τ’</span> <span class='ocrx_word' id='word_1_11' title='bbox 462 544 575 627; x_wconf 72' lang='grc' dir='ltr'>ἐμαυτῷ</span> <span class='ocrx_word' id='word_1_12' title='bbox 591 543 760 623; x_wconf 85' lang='grc' dir='ltr'>προστιθεὶς</span> <span class='ocrx_word' id='word_1_13' title='bbox 773 543 885 626; x_wconf 81' lang='grc' dir='ltr'>πάτρας</span> <span class='ocrx_word' id='word_1_14' title='bbox 901 546 979 623; x_wconf 78' lang='grc' dir='ltr'>έμῆς,</span> 
     </span>
    </p>

    <p class='ocr_par' dir='ltr' id='par_1_4' title="bbox 309 643 1014 726">
     <span class='ocr_line' id='line_1_4' title="bbox 309 643 1014 726; baseline 0.007 -17"><span class='ocrx_word' id='word_1_15' title='bbox 309 644 453 710; x_wconf 80' lang='grc' dir='ltr'>θανάτους</span> <span class='ocrx_word' id='word_1_16' title='bbox 467 643 491 707; x_wconf 81' lang='grc' dir='ltr'>τ’</span> <span class='ocrx_word' id='word_1_17' title='bbox 508 645 619 725; x_wconf 83' lang='grc' dir='ltr'>δώραυς</span> <span class='ocrx_word' id='word_1_18' title='bbox 634 647 681 708; x_wconf 82' lang='grc' dir='ltr'>καὶ</span> <span class='ocrx_word' id='word_1_19' title='bbox 697 651 793 709; x_wconf 80' lang='grc' dir='ltr'>κακῶν</span> <span class='ocrx_word' id='word_1_20' title='bbox 808 648 905 713; x_wconf 83' lang='grc' dir='ltr'>όλλας</span> <span class='ocrx_word' id='word_1_21' title='bbox 920 648 1014 726; x_wconf 89' lang='grc' dir='ltr'>όδούς,</span> 
     </span>
    </p>

    <p class='ocr_par' dir='ltr' id='par_1_5' title="bbox 306 746 925 831">
     <span class='ocr_line' id='line_1_5' title="bbox 306 746 925 831; baseline 0.002 -20"><span class='ocrx_word' id='word_1_22' title='bbox 306 747 355 821; x_wconf 76' lang='grc' dir='ltr'>ἶν’,</span> <span class='ocrx_word' id='word_1_23' title='bbox 375 751 403 812; x_wconf 87' lang='grc' dir='ltr'>εί</span> <span class='ocrx_word' id='word_1_24' title='bbox 415 774 443 810; x_wconf 90' lang='grc' dir='ltr'>τι</span> <span class='ocrx_word' id='word_1_25' title='bbox 457 746 599 830; x_wconf 80' lang='grc' dir='ltr'>πόσχοιμ’</span> <span class='ocrx_word' id='word_1_26' title='bbox 616 749 657 811; x_wconf 85' lang='grc' dir='ltr'>ὧν</span> <span class='ocrx_word' id='word_1_27' title='bbox 674 749 812 826; x_wconf 71' lang='grc' dir='ltr'>ἐδόξαζον</span> <span class='ocrx_word' id='word_1_28' title='bbox 827 750 925 831; x_wconf 76' lang='grc' dir='ltr'>φρενὶ,</span> 
     </span>
    </p>

    <p class='ocr_par' dir='ltr' id='par_1_6' title="bbox 220 850 959 1033">
     <span class='ocr_line' id='line_1_6' title="bbox 305 850 959 931; baseline 0 -17"><span class='ocrx_word' id='word_1_29' title='bbox 305 850 345 930; x_wconf 82' lang='grc' dir='ltr'>μή</span> <span class='ocrx_word' id='word_1_30' title='bbox 358 876 409 929; x_wconf 92' lang='grc' dir='ltr'>μοι</span> <span class='ocrx_word' id='word_1_31' title='bbox 424 852 530 931; x_wconf 74' lang='grc' dir='ltr'>νεωρές</span> <span class='ocrx_word' id='word_1_32' title='bbox 544 851 720 931; x_wconf 83' lang='grc' dir='ltr'>προσπεσὸν</span> <span class='ocrx_word' id='word_1_33' title='bbox 735 856 854 930; x_wconf 79' lang='grc' dir='ltr'>μᾶλλον</span> <span class='ocrx_word' id='word_1_34' title='bbox 869 853 959 916; x_wconf 77' lang='grc' dir='ltr'>δάκοι.</span> 
     </span>
     <span class='ocr_line' id='line_1_7' title="bbox 220 955 918 1033; baseline 0.003 -19"><span class='ocrx_word' id='word_1_35' title='bbox 220 958 332 1015; x_wconf 89' lang='lat' dir='ltr'>Locum</span> <span class='ocrx_word' id='word_1_36' title='bbox 346 955 436 1014; x_wconf 78' lang='lat' dir='ltr'><strong>vertit</strong></span> <span class='ocrx_word' id='word_1_37' title='bbox 452 955 556 1013; x_wconf 87' lang='lat' dir='ltr'>Cicero</span> <span class='ocrx_word' id='word_1_38' title='bbox 570 956 686 1013; x_wconf 83' lang='lat' dir='ltr'>Tuscul.</span> <span class='ocrx_word' id='word_1_39' title='bbox 702 957 783 1033; x_wconf 87' lang='lat' dir='ltr'>Disp.</span> <span class='ocrx_word' id='word_1_40' title='bbox 799 957 854 1022; x_wconf 90' lang='lat'>111,</span> <span class='ocrx_word' id='word_1_41' title='bbox 876 976 918 1031; x_wconf 79' lang='lat'>14.</span> 
     </span>
    </p>

    <p class='ocr_par' dir='ltr' id='par_1_7' title="bbox 218 1087 1321 1524">
     <span class='ocr_line' id='line_1_8' title="bbox 261 1087 1320 1234; baseline 0.001 -19"><span class='ocrx_word' id='word_1_42' title='bbox 261 1158 432 1215; x_wconf 72' lang='lat' dir='ltr'><strong>Plutarchus</strong></span> <span class='ocrx_word' id='word_1_43' title='bbox 446 1156 506 1213; x_wconf 90' lang='lat' dir='ltr'>Vit.</span> <span class='ocrx_word' id='word_1_44' title='bbox 518 1156 604 1213; x_wconf 80' lang='lat' dir='ltr'><strong>Thes.</strong></span> <span class='ocrx_word' id='word_1_45' title='bbox 620 1176 648 1231; x_wconf 91' lang='lat' dir='ltr'>p.</span> <span class='ocrx_word' id='word_1_46' title='bbox 664 1155 683 1211; x_wconf 88' lang='grc'>6</span> <span class='ocrx_word' id='word_1_47' title='bbox 698 1156 726 1213; x_wconf 90' lang='lat' dir='ltr'>d.</span> <span class='ocrx_word' id='word_1_48' title='bbox 740 1087 778 1229; x_wconf 62' lang='grc' dir='ltr'>(ἒ.</span> <span class='ocrx_word' id='word_1_49' title='bbox 799 1159 856 1231; x_wconf 78' lang='grc'><strong>15.)</strong></span> <span class='ocrx_word' id='word_1_50' title='bbox 879 1159 945 1215; x_wconf 90' lang='grc' dir='ltr'>Τούς</span> <span class='ocrx_word' id='word_1_51' title='bbox 958 1160 987 1214; x_wconf 80' lang='grc' dir='ltr'>δέ</span> <span class='ocrx_word' id='word_1_52' title='bbox 1000 1162 1094 1218; x_wconf 87' lang='grc' dir='ltr'>παῖδας</span> <span class='ocrx_word' id='word_1_53' title='bbox 1107 1163 1143 1218; x_wconf 81' lang='grc' dir='ltr'>είς</span> <span class='ocrx_word' id='word_1_54' title='bbox 1160 1163 1263 1234; x_wconf 77' lang='grc' dir='ltr'>Κρήτην</span> <span class='ocrx_word' id='word_1_55' title='bbox 1276 1187 1320 1218; x_wconf 86' lang='grc' dir='ltr'>κο-</span> 
     </span>
     <span class='ocr_line' id='line_1_9' title="bbox 218 1254 1320 1336; baseline 0.002 -24"><span class='ocrx_word' id='word_1_56' title='bbox 218 1260 369 1328; x_wconf 73' lang='grc' dir='ltr'>μιζομένους</span> <span class='ocrx_word' id='word_1_57' title='bbox 383 1258 397 1309; x_wconf 92' lang='grc' dir='ltr'>ό</span> <span class='ocrx_word' id='word_1_58' title='bbox 411 1257 458 1325; x_wconf 80' lang='grc' dir='ltr'>μέν</span> <span class='ocrx_word' id='word_1_59' title='bbox 471 1257 658 1327; x_wconf 76' lang='grc' dir='ltr'>τραγικώτατος</span> <span class='ocrx_word' id='word_1_60' title='bbox 671 1257 754 1325; x_wconf 83' lang='grc' dir='ltr'>μῦθος</span> <span class='ocrx_word' id='word_1_61' title='bbox 767 1254 906 1327; x_wconf 78' lang='grc' dir='ltr'>ἀποφαίνει</span> <span class='ocrx_word' id='word_1_62' title='bbox 921 1258 967 1312; x_wconf 88' lang='grc' dir='ltr'>τδν</span> <span class='ocrx_word' id='word_1_63' title='bbox 985 1262 1154 1333; x_wconf 75' lang='grc' dir='ltr'>Μινώταυρον</span> <span class='ocrx_word' id='word_1_64' title='bbox 1171 1262 1199 1315; x_wconf 89' lang='grc' dir='ltr'>έν</span> <span class='ocrx_word' id='word_1_65' title='bbox 1215 1265 1253 1336; x_wconf 73' lang='grc' dir='ltr'>τῷ</span> <span class='ocrx_word' id='word_1_66' title='bbox 1268 1272 1320 1315; x_wconf 84' lang='grc' dir='ltr'>Λα-</span> 
     </span>
     <span class='ocr_line' id='line_1_10' title="bbox 218 1350 1321 1429; baseline 0.005 -20"><span class='ocrx_word' id='word_1_67' title='bbox 218 1354 332 1428; x_wconf 80' lang='grc' dir='ltr'>βυρίνθῳ</span> <span class='ocrx_word' id='word_1_68' title='bbox 346 1352 514 1424; x_wconf 67' lang='grc' dir='ltr'>διαφθείρειν,</span> <span class='ocrx_word' id='word_1_69' title='bbox 530 1350 545 1419; x_wconf 70' lang='grc' dir='ltr'>ἦ</span> <span class='ocrx_word' id='word_1_70' title='bbox 559 1353 741 1422; x_wconf 80' lang='grc' dir='ltr'>πλανωμένους</span> <span class='ocrx_word' id='word_1_71' title='bbox 755 1352 848 1409; x_wconf 83' lang='grc' dir='ltr'>αὐτοὺς</span> <span class='ocrx_word' id='word_1_72' title='bbox 861 1354 903 1407; x_wconf 79' lang='grc' dir='ltr'>καὶ</span> <span class='ocrx_word' id='word_1_73' title='bbox 915 1357 1003 1425; x_wconf 84' lang='grc' dir='ltr'>τυχεῖν</span> <span class='ocrx_word' id='word_1_74' title='bbox 1016 1356 1108 1426; x_wconf 79' lang='grc' dir='ltr'>ε’ξόδον</span> <span class='ocrx_word' id='word_1_75' title='bbox 1121 1359 1156 1428; x_wconf 79' lang='grc' dir='ltr'>μὴ</span> <span class='ocrx_word' id='word_1_76' title='bbox 1165 1359 1321 1429; x_wconf 75' lang='grc' dir='ltr'>δυναμένους</span> 
     </span>
     <span class='ocr_line' id='line_1_11' title="bbox 219 1448 1114 1524; baseline 0 -16"><span class='ocrx_word' id='word_1_77' title='bbox 219 1455 270 1509; x_wconf 88' lang='grc' dir='ltr'>ε’κεῖ</span> <span class='ocrx_word' id='word_1_78' title='bbox 282 1451 474 1519; x_wconf 69' lang='grc' dir='ltr'>καταθνήσκειν,</span> <span class='ocrx_word' id='word_1_79' title='bbox 485 1450 531 1503; x_wconf 91' lang='grc' dir='ltr'>τδν</span> <span class='ocrx_word' id='word_1_80' title='bbox 544 1449 572 1503; x_wconf 78' lang='grc' dir='ltr'>δέ</span> <span class='ocrx_word' id='word_1_81' title='bbox 587 1451 764 1520; x_wconf 76' lang='grc' dir='ltr'>Μινώταυρον,</span> <span class='ocrx_word' id='word_1_82' title='bbox 779 1448 869 1521; x_wconf 84' lang='grc' dir='ltr'>ώσπερ</span> <span class='ocrx_word' id='word_1_83' title='bbox 883 1452 1022 1522; x_wconf 86' lang='grc' dir='ltr'>Εὐριπίδης</span> <span class='ocrx_word' id='word_1_84' title='bbox 1035 1455 1114 1524; x_wconf 73' lang='grc' dir='ltr'>φησὶ,</span> 
     </span>
    </p>

    <p class='ocr_par' dir='ltr' id='par_1_8' title="bbox 218 1541 1320 2100">
     <span class='ocr_line' id='line_1_12' title="bbox 307 1541 904 1625; baseline 0.002 -16"><span class='ocrx_word' id='word_1_85' title='bbox 307 1546 474 1623; x_wconf 84' lang='grc' dir='ltr'>Σθμμικτον</span> <span class='ocrx_word' id='word_1_86' title='bbox 489 1541 566 1609; x_wconf 79' lang='grc' dir='ltr'>εἶδος</span> <span class='ocrx_word' id='word_1_87' title='bbox 581 1544 774 1624; x_wconf 85' lang='grc' dir='ltr'>κάποφώλιον</span> <span class='ocrx_word' id='word_1_88' title='bbox 788 1542 904 1625; x_wconf 91' lang='grc' dir='ltr'>βρέφος</span> 
     </span>
     <span class='ocr_line' id='line_1_13' title="bbox 218 1651 413 1725; baseline -0.021 -18"><span class='ocrx_word' id='word_1_89' title='bbox 218 1653 360 1725; x_wconf 87' lang='grc' dir='ltr'>γεγονέναι,</span> <span class='ocrx_word' id='word_1_90' title='bbox 373 1651 413 1704; x_wconf 81' lang='grc' dir='ltr'>καὶ</span> 
     </span>
     <span class='ocr_line' id='line_1_14' title="bbox 304 1742 984 1825; baseline -0.006 -17"><span class='ocrx_word' id='word_1_91' title='bbox 304 1746 422 1825; x_wconf 85' lang='grc' dir='ltr'>Ταύρου</span> <span class='ocrx_word' id='word_1_92' title='bbox 436 1743 578 1825; x_wconf 85' lang='grc' dir='ltr'>μεμίχθαι</span> <span class='ocrx_word' id='word_1_93' title='bbox 593 1742 641 1805; x_wconf 80' lang='grc' dir='ltr'>καὶ</span> <span class='ocrx_word' id='word_1_94' title='bbox 654 1745 766 1823; x_wconf 80' lang='grc' dir='ltr'>βροτοῦ</span> <span class='ocrx_word' id='word_1_95' title='bbox 780 1745 868 1821; x_wconf 81' lang='grc' dir='ltr'>διπλῇ</span> <span class='ocrx_word' id='word_1_96' title='bbox 884 1743 984 1823; x_wconf 82' lang='grc' dir='ltr'>φύσει.</span> 
     </span>
     <span class='ocr_line' id='line_1_15' title="bbox 220 1845 1320 1924; baseline 0.003 -16"><span class='ocrx_word' id='word_1_97' title='bbox 220 1852 348 1908; x_wconf 83' lang='lat' dir='ltr'>Priorem</span> <span class='ocrx_word' id='word_1_98' title='bbox 362 1867 478 1906; x_wconf 88' lang='lat' dir='ltr'>versum</span> <span class='ocrx_word' id='word_1_99' title='bbox 493 1849 534 1906; x_wconf 83' lang='lat' dir='ltr'>sic</span> <span class='ocrx_word' id='word_1_100' title='bbox 549 1845 620 1905; x_wconf 77' lang='lat' dir='ltr'>citat</span> <span class='ocrx_word' id='word_1_101' title='bbox 635 1847 805 1904; x_wconf 74' lang='lat' dir='ltr'>Plutarchus</span> <span class='ocrx_word' id='word_1_102' title='bbox 819 1847 927 1905; x_wconf 81' lang='lat' dir='ltr'><strong>Moral.</strong></span> <span class='ocrx_word' id='word_1_103' title='bbox 937 1867 965 1924; x_wconf 90' lang='lat' dir='ltr'>p.</span> <span class='ocrx_word' id='word_1_104' title='bbox 977 1864 1036 1924; x_wconf 85' lang='lat'>520</span> <span class='ocrx_word' id='word_1_105' title='bbox 1048 1869 1073 1908; x_wconf 90' lang='lat' dir='ltr'>c.</span> <span class='ocrx_word' id='word_1_106' title='bbox 1095 1849 1239 1922; x_wconf 60' lang='grc' dir='ltr'>Σίμμιηον</span> <span class='ocrx_word' id='word_1_107' title='bbox 1250 1849 1320 1912; x_wconf 77' lang='grc' dir='ltr'>εἶδος</span> 
     </span>
     <span class='ocr_line' id='line_1_16' title="bbox 219 1948 523 2021; baseline -0.016 -15"><span class='ocrx_word' id='word_1_108' title='bbox 219 1952 260 2006; x_wconf 75' lang='grc' dir='ltr'>καί</span> <span class='ocrx_word' id='word_1_109' title='bbox 273 1950 425 2021; x_wconf 74' lang='grc' dir='ltr'>ἀποφώλιον</span> <span class='ocrx_word' id='word_1_110' title='bbox 438 1948 523 2019; x_wconf 89' lang='grc' dir='ltr'>τέρας.</span> 
     </span>
     <span class='ocr_line' id='line_1_17' title="bbox 755 2042 774 2100; baseline 0 0"><span class='ocrx_word' id='word_1_111' title='bbox 755 2042 774 2100; x_wconf 88' lang='lat'><strong>6</strong></span> 
     </span>
    </p>

    <p class='ocr_par' dir='ltr' id='par_1_9' title="bbox 218 2143 1320 2416">
     <span class='ocr_line' id='line_1_18' title="bbox 259 2143 1317 2223; baseline -0.005 -15"><span class='ocrx_word' id='word_1_112' title='bbox 259 2151 418 2208; x_wconf 73' lang='lat' dir='ltr'><strong>Athenaeus</strong></span> <span class='ocrx_word' id='word_1_113' title='bbox 431 2147 470 2204; x_wconf 90' lang='lat' dir='ltr'>X.</span> <span class='ocrx_word' id='word_1_114' title='bbox 486 2166 514 2221; x_wconf 91' lang='lat' dir='ltr'>p.</span> <span class='ocrx_word' id='word_1_115' title='bbox 530 2162 590 2220; x_wconf 85' lang='lat'>454</span> <span class='ocrx_word' id='word_1_116' title='bbox 604 2143 632 2201; x_wconf 93' lang='lat' dir='ltr'>b.</span> <span class='ocrx_word' id='word_1_117' title='bbox 655 2146 795 2216; x_wconf 84' lang='grc' dir='ltr'>Εὐριπίδης</span> <span class='ocrx_word' id='word_1_118' title='bbox 815 2147 843 2200; x_wconf 80' lang='grc' dir='ltr'>δέ</span> <span class='ocrx_word' id='word_1_119' title='bbox 857 2146 904 2215; x_wconf 79' lang='grc' dir='ltr'>τὴν</span> <span class='ocrx_word' id='word_1_120' title='bbox 918 2146 946 2200; x_wconf 90' lang='grc' dir='ltr'>έν</span> <span class='ocrx_word' id='word_1_121' title='bbox 959 2151 996 2221; x_wconf 77' lang='grc' dir='ltr'>τῷ</span> <span class='ocrx_word' id='word_1_122' title='bbox 1011 2151 1094 2217; x_wconf 88' lang='grc' dir='ltr'>θησεῖ</span> <span class='ocrx_word' id='word_1_123' title='bbox 1106 2151 1153 2218; x_wconf 82' lang='grc' dir='ltr'>τὴν</span> <span class='ocrx_word' id='word_1_124' title='bbox 1166 2150 1317 2223; x_wconf 75' lang='grc' dir='ltr'>ἐγγράμμα-</span> 
     </span>
     <span class='ocr_line' id='line_1_19' title="bbox 218 2240 1320 2320; baseline -0.003 -15"><span class='ocrx_word' id='word_1_125' title='bbox 218 2272 264 2305; x_wconf 88' lang='grc' dir='ltr'>τον</span> <span class='ocrx_word' id='word_1_126' title='bbox 276 2251 342 2303; x_wconf 80' lang='grc' dir='ltr'>έοικε</span> <span class='ocrx_word' id='word_1_127' title='bbox 358 2248 466 2314; x_wconf 73' lang='grc' dir='ltr'>ποιῆσαι</span> <span class='ocrx_word' id='word_1_128' title='bbox 479 2243 565 2315; x_wconf 82' lang='grc' dir='ltr'>ῥῆσιν.</span> <span class='ocrx_word' id='word_1_129' title='bbox 587 2242 670 2315; x_wconf 77' lang='grc' dir='ltr'>βοτὴρ</span> <span class='ocrx_word' id='word_1_130' title='bbox 684 2240 707 2296; x_wconf 81' lang='grc' dir='ltr'>δ’</span> <span class='ocrx_word' id='word_1_131' title='bbox 721 2243 795 2298; x_wconf 79' lang='grc' dir='ltr'>έστὶν</span> <span class='ocrx_word' id='word_1_132' title='bbox 807 2243 974 2315; x_wconf 79' lang='grc' dir='ltr'>ἀγράμματος</span> <span class='ocrx_word' id='word_1_133' title='bbox 991 2246 1081 2300; x_wconf 80' lang='grc' dir='ltr'>αὐτόθι</span> <span class='ocrx_word' id='word_1_134' title='bbox 1101 2248 1186 2316; x_wconf 76' lang='grc' dir='ltr'>δηλῶν</span> <span class='ocrx_word' id='word_1_135' title='bbox 1205 2252 1320 2320; x_wconf 78' lang='grc' dir='ltr'>τοῦνομα</span> 
     </span>
     <span class='ocr_line' id='line_1_20' title="bbox 218 2338 698 2416; baseline -0.017 -13"><span class='ocrx_word' id='word_1_136' title='bbox 218 2349 249 2403; x_wconf 88' lang='grc' dir='ltr'>τὸ</span> <span class='ocrx_word' id='word_1_137' title='bbox 264 2348 371 2416; x_wconf 87' lang='grc' dir='ltr'>θησέως</span> <span class='ocrx_word' id='word_1_138' title='bbox 385 2341 604 2415; x_wconf 73' lang='grc' dir='ltr'>ἐπιγεγραμμένον</span> <span class='ocrx_word' id='word_1_139' title='bbox 617 2338 698 2395; x_wconf 75' lang='grc' dir='ltr'>οὕτως</span> 
     </span>
    </p>

    <p class='ocr_par' dir='ltr' id='par_1_10' title="bbox 302 2433 1030 3751">
     <span class='ocr_line' id='line_1_21' title="bbox 303 2433 943 2521; baseline -0.003 -18"><span class='ocrx_word' id='word_1_140' title='bbox 303 2439 385 2521; x_wconf 82' lang='grc' dir='ltr'>Ἐγὼ</span> <span class='ocrx_word' id='word_1_141' title='bbox 400 2437 519 2518; x_wconf 88' lang='grc' dir='ltr'>πέφυκα</span> <span class='ocrx_word' id='word_1_142' title='bbox 533 2433 712 2516; x_wconf 83' lang='grc' dir='ltr'>γραμμόταν</span> <span class='ocrx_word' id='word_1_143' title='bbox 726 2436 782 2513; x_wconf 70' lang='grc' dir='ltr'>μὲν</span> <span class='ocrx_word' id='word_1_144' title='bbox 798 2434 850 2497; x_wconf 88' lang='grc' dir='ltr'>οὐκ</span> <span class='ocrx_word' id='word_1_145' title='bbox 863 2437 943 2516; x_wconf 82' lang='grc' dir='ltr'>ἴδρις,</span> 
     </span>
     <span class='ocr_line' id='line_1_22' title="bbox 304 2535 887 2624; baseline -0.005 -21"><span class='ocrx_word' id='word_1_146' title='bbox 304 2543 421 2624; x_wconf 79' lang='grc' dir='ltr'>μορφὰς</span> <span class='ocrx_word' id='word_1_147' title='bbox 436 2541 468 2601; x_wconf 74' lang='grc' dir='ltr'>δὲ</span> <span class='ocrx_word' id='word_1_148' title='bbox 483 2535 560 2615; x_wconf 77' lang='grc' dir='ltr'>λέξοι</span> <span class='ocrx_word' id='word_1_149' title='bbox 577 2536 623 2599; x_wconf 78' lang='grc' dir='ltr'>καὶ</span> <span class='ocrx_word' id='word_1_150' title='bbox 639 2541 724 2617; x_wconf 80' lang='grc' dir='ltr'>σαφῆ</span> <span class='ocrx_word' id='word_1_151' title='bbox 739 2536 887 2617; x_wconf 81' lang='grc' dir='ltr'>τεκμήρια.</span> 
     </span>
     <span class='ocr_line' id='line_1_23' title="bbox 306 2640 935 2720; baseline -0.005 -12"><span class='ocrx_word' id='word_1_152' title='bbox 306 2644 411 2709; x_wconf 83' lang='grc' dir='ltr'>κύκλος</span> <span class='ocrx_word' id='word_1_153' title='bbox 424 2666 467 2707; x_wconf 90' lang='grc' dir='ltr'>τις</span> <span class='ocrx_word' id='word_1_154' title='bbox 482 2640 520 2706; x_wconf 83' lang='grc' dir='ltr'>ὧς</span> <span class='ocrx_word' id='word_1_155' title='bbox 532 2640 683 2720; x_wconf 88' lang='grc' dir='ltr'>τόρνοισιν</span> <span class='ocrx_word' id='word_1_156' title='bbox 698 2640 935 2720; x_wconf 75' lang='grc' dir='ltr'>ἐκμετρούμενος·</span> 
     </span>
     <span class='ocr_line' id='line_1_24' title="bbox 304 2739 917 2826; baseline -0.008 -16"><span class='ocrx_word' id='word_1_157' title='bbox 304 2746 388 2812; x_wconf 80' lang='grc' dir='ltr'>οὗτος</span> <span class='ocrx_word' id='word_1_158' title='bbox 403 2741 427 2806; x_wconf 85' lang='grc' dir='ltr'>δ’</span> <span class='ocrx_word' id='word_1_159' title='bbox 445 2742 508 2825; x_wconf 79' lang='grc' dir='ltr'>ἔχει</span> <span class='ocrx_word' id='word_1_160' title='bbox 524 2745 648 2820; x_wconf 86' lang='grc' dir='ltr'>σημεῖον</span> <span class='ocrx_word' id='word_1_161' title='bbox 664 2739 794 2826; x_wconf 75' lang='grc' dir='ltr'>ἐνμέσῳ</span> <span class='ocrx_word' id='word_1_162' title='bbox 811 2742 917 2824; x_wconf 85' lang='grc' dir='ltr'>σαφές.</span> 
     </span>
     <span class='ocr_line' id='line_1_25' title="bbox 304 2845 945 2926; baseline -0.006 -14"><span class='ocrx_word' id='word_1_163' title='bbox 304 2848 338 2912; x_wconf 89' lang='grc' dir='ltr'>τδ</span> <span class='ocrx_word' id='word_1_164' title='bbox 353 2848 491 2926; x_wconf 76' lang='grc' dir='ltr'>δεύτερον</span> <span class='ocrx_word' id='word_1_165' title='bbox 507 2846 539 2906; x_wconf 77' lang='grc' dir='ltr'>δὲ</span> <span class='ocrx_word' id='word_1_166' title='bbox 554 2848 654 2924; x_wconf 87' lang='grc' dir='ltr'>πρῶτα</span> <span class='ocrx_word' id='word_1_167' title='bbox 667 2845 723 2922; x_wconf 71' lang='grc' dir='ltr'>μὲν</span> <span class='ocrx_word' id='word_1_168' title='bbox 738 2845 869 2924; x_wconf 83' lang='grc' dir='ltr'>γραμμαὶ</span> <span class='ocrx_word' id='word_1_169' title='bbox 884 2846 945 2908; x_wconf 77' lang='grc' dir='ltr'>δύο</span> 
     </span>
     <span class='ocr_line' id='line_1_26' title="bbox 304 2944 925 3029; baseline -0.01 -14"><span class='ocrx_word' id='word_1_170' title='bbox 304 2953 411 3017; x_wconf 81' lang='grc' dir='ltr'>ταθτας</span> <span class='ocrx_word' id='word_1_171' title='bbox 426 2950 546 3029; x_wconf 82' lang='grc' dir='ltr'>διείργει</span> <span class='ocrx_word' id='word_1_172' title='bbox 561 2944 585 3009; x_wconf 90' lang='grc' dir='ltr'>δ’</span> <span class='ocrx_word' id='word_1_173' title='bbox 603 2949 636 3010; x_wconf 82' lang='grc' dir='ltr'>έν</span> <span class='ocrx_word' id='word_1_174' title='bbox 649 2946 754 3025; x_wconf 87' lang='grc' dir='ltr'>μέσαις</span> <span class='ocrx_word' id='word_1_175' title='bbox 769 2947 848 3025; x_wconf 76' lang='grc' dir='ltr'>ἄλλη</span> <span class='ocrx_word' id='word_1_176' title='bbox 862 2949 898 3027; x_wconf 89' lang='grc' dir='ltr'>μί</span> <span class='ocrx_word' id='word_1_177' title='bbox 919 2998 925 3009; x_wconf 93' lang='grc'><strong>.</strong></span> 
     </span>
     <span class='ocr_line' id='line_1_27' title="bbox 304 3049 934 3136; baseline -0.008 -20"><span class='ocrx_word' id='word_1_178' title='bbox 304 3055 403 3136; x_wconf 90' lang='grc' dir='ltr'>τρίτον</span> <span class='ocrx_word' id='word_1_179' title='bbox 417 3052 449 3114; x_wconf 65' lang='grc' dir='ltr'>δὲ</span> <span class='ocrx_word' id='word_1_180' title='bbox 464 3049 633 3131; x_wconf 89' lang='grc' dir='ltr'>βόστρυχός</span> <span class='ocrx_word' id='word_1_181' title='bbox 648 3074 691 3115; x_wconf 91' lang='grc' dir='ltr'>τις</span> <span class='ocrx_word' id='word_1_182' title='bbox 706 3049 744 3115; x_wconf 81' lang='grc' dir='ltr'>ὣς</span> <span class='ocrx_word' id='word_1_183' title='bbox 759 3049 934 3130; x_wconf 75' lang='grc' dir='ltr'>εἱλιγμένος.</span> 
     </span>
     <span class='ocr_line' id='line_1_28' title="bbox 304 3151 947 3234; baseline -0.008 -14"><span class='ocrx_word' id='word_1_184' title='bbox 304 3156 338 3219; x_wconf 89' lang='grc' dir='ltr'>τδ</span> <span class='ocrx_word' id='word_1_185' title='bbox 354 3157 379 3220; x_wconf 81' lang='grc' dir='ltr'>δ’</span> <span class='ocrx_word' id='word_1_186' title='bbox 394 3156 430 3218; x_wconf 83' lang='grc' dir='ltr'>αὐ</span> <span class='ocrx_word' id='word_1_187' title='bbox 444 3153 586 3234; x_wconf 88' lang='grc' dir='ltr'>τέταρτον</span> <span class='ocrx_word' id='word_1_188' title='bbox 600 3151 637 3230; x_wconf 81' lang='grc' dir='ltr'>ἦν</span> <span class='ocrx_word' id='word_1_189' title='bbox 651 3153 707 3230; x_wconf 75' lang='grc' dir='ltr'>μὲν</span> <span class='ocrx_word' id='word_1_190' title='bbox 722 3153 763 3217; x_wconf 80' lang='grc' dir='ltr'>είς</span> <span class='ocrx_word' id='word_1_191' title='bbox 778 3151 869 3231; x_wconf 77' lang='grc' dir='ltr'>ὀρθὴν</span> <span class='ocrx_word' id='word_1_192' title='bbox 885 3153 947 3230; x_wconf 85' lang='grc' dir='ltr'>μία,</span> 
     </span>
     <span class='ocr_line' id='line_1_29' title="bbox 303 3253 966 3337; baseline -0.006 -15"><span class='ocrx_word' id='word_1_193' title='bbox 303 3258 390 3337; x_wconf 78' lang='grc' dir='ltr'>λοξαὶ</span> <span class='ocrx_word' id='word_1_194' title='bbox 405 3257 432 3320; x_wconf 91' lang='grc' dir='ltr'>δ’</span> <span class='ocrx_word' id='word_1_195' title='bbox 448 3257 492 3318; x_wconf 79' lang='grc' dir='ltr'>ἐπ’</span> <span class='ocrx_word' id='word_1_196' title='bbox 509 3255 596 3332; x_wconf 81' lang='grc' dir='ltr'>αὐτῆς</span> <span class='ocrx_word' id='word_1_197' title='bbox 610 3259 687 3334; x_wconf 83' lang='grc' dir='ltr'>τρεῖς</span> <span class='ocrx_word' id='word_1_198' title='bbox 702 3253 966 3335; x_wconf 84' lang='grc' dir='ltr'>κατεστηριγμέναι</span> 
     </span>
     <span class='ocr_line' id='line_1_30' title="bbox 305 3354 1030 3439; baseline -0.004 -15"><span class='ocrx_word' id='word_1_199' title='bbox 305 3362 393 3425; x_wconf 80' lang='grc' dir='ltr'>εἰσίν.</span> <span class='ocrx_word' id='word_1_200' title='bbox 416 3357 450 3420; x_wconf 91' lang='grc' dir='ltr'>τδ</span> <span class='ocrx_word' id='word_1_201' title='bbox 465 3356 599 3436; x_wconf 89' lang='grc' dir='ltr'>πέμπτον</span> <span class='ocrx_word' id='word_1_202' title='bbox 614 3354 638 3419; x_wconf 83' lang='grc' dir='ltr'>δ’</span> <span class='ocrx_word' id='word_1_203' title='bbox 655 3355 706 3419; x_wconf 90' lang='grc' dir='ltr'>οὐκ</span> <span class='ocrx_word' id='word_1_204' title='bbox 723 3358 757 3420; x_wconf 87' lang='grc' dir='ltr'>έν</span> <span class='ocrx_word' id='word_1_205' title='bbox 773 3356 895 3438; x_wconf 85' lang='grc' dir='ltr'>εὐμαρεῖ</span> <span class='ocrx_word' id='word_1_206' title='bbox 907 3357 1030 3439; x_wconf 86' lang='grc' dir='ltr'>φρόσαι·</span> 
     </span>
     <span class='ocr_line' id='line_1_31' title="bbox 303 3459 903 3547; baseline -0.005 -22"><span class='ocrx_word' id='word_1_207' title='bbox 303 3462 434 3545; x_wconf 85' lang='grc' dir='ltr'>γραμμαὶ</span> <span class='ocrx_word' id='word_1_208' title='bbox 449 3459 506 3542; x_wconf 83' lang='grc' dir='ltr'>γάρ</span> <span class='ocrx_word' id='word_1_209' title='bbox 518 3462 600 3547; x_wconf 20' lang='grc' dir='ltr'>ἐἰσιν</span> <span class='ocrx_word' id='word_1_210' title='bbox 612 3461 644 3522; x_wconf 77' lang='grc' dir='ltr'>ἐκ</span> <span class='ocrx_word' id='word_1_211' title='bbox 659 3462 825 3523; x_wconf 83' lang='grc' dir='ltr'>διεστώτων</span> <span class='ocrx_word' id='word_1_212' title='bbox 840 3461 903 3539; x_wconf 81' lang='grc' dir='ltr'>δύο,</span> 
     </span>
     <span class='ocr_line' id='line_1_32' title="bbox 304 3560 927 3644; baseline -0.006 -17"><span class='ocrx_word' id='word_1_213' title='bbox 304 3565 389 3628; x_wconf 83' lang='grc' dir='ltr'>αὐτοι</span> <span class='ocrx_word' id='word_1_214' title='bbox 404 3565 436 3626; x_wconf 76' lang='grc' dir='ltr'>δὲ</span> <span class='ocrx_word' id='word_1_215' title='bbox 451 3560 667 3644; x_wconf 71' lang='grc' dir='ltr'>συντρέχουσιν</span> <span class='ocrx_word' id='word_1_216' title='bbox 682 3563 723 3627; x_wconf 79' lang='grc' dir='ltr'>εἰς</span> <span class='ocrx_word' id='word_1_217' title='bbox 736 3563 808 3640; x_wconf 87' lang='grc' dir='ltr'>μίαν</span> <span class='ocrx_word' id='word_1_218' title='bbox 822 3560 927 3639; x_wconf 87' lang='grc' dir='ltr'>βόσιν.</span> 
     </span>
     <span class='ocr_line' id='line_1_33' title="bbox 302 3662 924 3751; baseline -0.013 -20"><span class='ocrx_word' id='word_1_219' title='bbox 302 3667 337 3731; x_wconf 91' lang='grc' dir='ltr'>τδ</span> <span class='ocrx_word' id='word_1_220' title='bbox 353 3667 491 3730; x_wconf 85' lang='grc' dir='ltr'>λοίσθιον</span> <span class='ocrx_word' id='word_1_221' title='bbox 506 3666 537 3727; x_wconf 71' lang='grc' dir='ltr'>δέ</span> <span class='ocrx_word' id='word_1_222' title='bbox 553 3667 593 3751; x_wconf 74' lang='grc' dir='ltr'>τῷ</span> <span class='ocrx_word' id='word_1_223' title='bbox 605 3664 693 3748; x_wconf 85' lang='grc' dir='ltr'>τρίτῳ</span> <span class='ocrx_word' id='word_1_224' title='bbox 707 3662 924 3745; x_wconf 86' lang='grc' dir='ltr'>προσεμφερές.</span> 
     </span>
    </p>

    <p class='ocr_par' dir='ltr' id='par_1_11' title="bbox 217 3888 1313 4063">
     <span class='ocr_line' id='line_1_34' title="bbox 258 3888 1313 3968; baseline -0.008 -19"><span class='ocrx_word' id='word_1_225' title='bbox 258 3891 359 3968; x_wconf 86' lang='lat' dir='ltr'>Steph.</span> <span class='ocrx_word' id='word_1_226' title='bbox 374 3890 446 3966; x_wconf 79' lang='lat' dir='ltr'>Byz.</span> <span class='ocrx_word' id='word_1_227' title='bbox 462 3909 491 3946; x_wconf 85' lang='lat' dir='ltr'>v.</span> <span class='ocrx_word' id='word_1_228' title='bbox 513 3890 633 3960; x_wconf 85' lang='grc' dir='ltr'>Εὐρώπη.</span> <span class='ocrx_word' id='word_1_229' title='bbox 655 3888 759 3958; x_wconf 90' lang='grc' dir='ltr'>λέγεται</span> <span class='ocrx_word' id='word_1_230' title='bbox 773 3889 801 3942; x_wconf 84' lang='grc' dir='ltr'>δέ</span> <span class='ocrx_word' id='word_1_231' title='bbox 815 3888 939 3943; x_wconf 84' lang='grc' dir='ltr'>καὶ-διδ</span> <span class='ocrx_word' id='word_1_232' title='bbox 953 3891 1000 3942; x_wconf 85' lang='grc' dir='ltr'>τοῦ</span> <span class='ocrx_word' id='word_1_233' title='bbox 1014 3911 1023 3941; x_wconf 95' lang='grc' dir='ltr'>ι</span> <span class='ocrx_word' id='word_1_234' title='bbox 1037 3888 1313 3959; x_wconf 78' lang='grc' dir='ltr'>Εὐρωπέα-Εὐριπί-</span> 
     </span>
     <span class='ocr_line' id='line_1_35' title="bbox 217 3993 402 4063; baseline -0.032 -14"><span class='ocrx_word' id='word_1_235' title='bbox 217 3994 262 4063; x_wconf 86' lang='grc' dir='ltr'>δης</span> <span class='ocrx_word' id='word_1_236' title='bbox 276 3993 304 4046; x_wconf 87' lang='grc' dir='ltr'>έν</span> <span class='ocrx_word' id='word_1_237' title='bbox 318 3993 402 4059; x_wconf 85' lang='grc' dir='ltr'>θησεῖ</span> 
     </span>
    </p>

    <p class='ocr_par' dir='ltr' id='par_1_12' title="bbox 216 4079 1313 4262">
     <span class='ocr_line' id='line_1_36' title="bbox 303 4079 978 4167; baseline -0.006 -20"><span class='ocrx_word' id='word_1_238' title='bbox 303 4084 416 4167; x_wconf 89' lang='grc' dir='ltr'>σχεδὸν</span> <span class='ocrx_word' id='word_1_239' title='bbox 430 4080 497 4162; x_wconf 85' lang='grc' dir='ltr'>παρ’</span> <span class='ocrx_word' id='word_1_240' title='bbox 513 4083 611 4147; x_wconf 87' lang='grc' dir='ltr'>αὐτοῖς</span> <span class='ocrx_word' id='word_1_241' title='bbox 622 4079 798 4162; x_wconf 84' lang='grc' dir='ltr'>κρασπέδοις</span> <span class='ocrx_word' id='word_1_242' title='bbox 815 4082 978 4161; x_wconf 85' lang='grc' dir='ltr'>Εὐρωπίας.</span> 
     </span>
     <span class='ocr_line' id='line_1_37' title="bbox 216 4184 1313 4262; baseline -0.007 -15"><span class='ocrx_word' id='word_1_243' title='bbox 216 4188 358 4247; x_wconf 77' lang='lat' dir='ltr'>Aristides</span> <span class='ocrx_word' id='word_1_244' title='bbox 379 4187 435 4244; x_wconf 82' lang='lat' dir='ltr'><strong>vol.</strong></span> <span class='ocrx_word' id='word_1_245' title='bbox 452 4186 491 4244; x_wconf 86' lang='lat' dir='ltr'>II.</span> <span class='ocrx_word' id='word_1_246' title='bbox 505 4206 535 4262; x_wconf 86' lang='lat' dir='ltr'>p.</span> <span class='ocrx_word' id='word_1_247' title='bbox 552 4203 567 4260; x_wconf 79' lang='lat'>3</span> <span class='ocrx_word' id='word_1_248' title='bbox 572 4184 620 4259; x_wconf 89' lang='lat'>36.</span> <span class='ocrx_word' id='word_1_249' title='bbox 636 4186 672 4243; x_wconf 84' lang='lat' dir='ltr'>de</span> <span class='ocrx_word' id='word_1_250' title='bbox 690 4184 883 4243; x_wconf 75' lang='lat' dir='ltr'><strong>Alexandria:</strong></span> <span class='ocrx_word' id='word_1_251' title='bbox 906 4186 986 4240; x_wconf 88' lang='grc' dir='ltr'>καίτοι</span> <span class='ocrx_word' id='word_1_252' title='bbox 1006 4187 1151 4257; x_wconf 81' lang='grc' dir='ltr'>κράσπεδον</span> <span class='ocrx_word' id='word_1_253' title='bbox 1172 4186 1313 4258; x_wconf 79' lang='grc' dir='ltr'>Εὐριπίδου</span> 
     </span>
    </p>
   </div>
   <div class='ocr_carea' id='block_1_3' title="bbox 216 4282 906 4359">
    <p class='ocr_par' dir='ltr' id='par_1_13' title="bbox 216 4282 906 4359">
     <span class='ocr_line' id='line_1_38' title="bbox 216 4282 906 4359; baseline -0.033 -1"><span class='ocrx_word' id='word_1_254' title='bbox 216 4289 290 4359; x_wconf 65' lang='grc' dir='ltr'>Φωνῇ</span> <span class='ocrx_word' id='word_1_255' title='bbox 304 4283 409 4357; x_wconf 58' lang='grc' dir='ltr'>μάλιστ’</span> <span class='ocrx_word' id='word_1_256' title='bbox 423 4284 454 4338; x_wconf 68' lang='grc' dir='ltr'>ἅν</span> <span class='ocrx_word' id='word_1_257' title='bbox 467 4306 506 4340; x_wconf 67' lang='grc' dir='ltr'>τις</span> <span class='ocrx_word' id='word_1_258' title='bbox 520 4285 599 4352; x_wconf 76' lang='grc' dir='ltr'>αὐτὴν</span> <span class='ocrx_word' id='word_1_259' title='bbox 611 4282 745 4356; x_wconf 71' lang='grc' dir='ltr'>Αίγίπτου</span> <span class='ocrx_word' id='word_1_260' title='bbox 758 4283 906 4354; x_wconf 89' lang='grc' dir='ltr'>προσείποι.</span> 
     </span>
    </p>
   </div>
   <div class='ocr_carea' id='block_1_4' title="bbox 0 0 1430 4898">
    <p class='ocr_par' dir='ltr' id='par_1_14' title="bbox 0 0 1430 4898">
     <span class='ocr_line' id='line_1_39' title="bbox 0 0 1430 4898; baseline 0 1"><span class='ocrx_word' id='word_1_261' title='bbox 0 0 1430 4898; x_wconf 95' lang='lat' dir='ltr'> </span> 
     </span>
    </p>
   </div>
  </div>
 </body>
</html>
