2850 4898
223 275 288 344 992
656 281 884 341 ΕΥΡΙΠΙΔΟΥ

223 449 345 505 deorsum
358 454 496 503 uentorum
509 445 581 503 vices
594 454 669 503 certa
683 447 828 523 desteeioae
840 448 982 516 varianda,
991 448 1129 508 ιἰικιιιιτα
1141 450 1215 508 velet
1220 451 1326 527 flexam

224 545 351 603 draconis
365 544 496 612 ιὐυοίυὶἱ,Ι
510 545 579 601 unde
592 544 742 619 Euripides

309 648 477 731 Πυριγενὴς
491 651 524 712 δὲ
539 649 654 731 δράκων
669 649 739 713 ὁδὸν
753 650 868 731 ἡγεῖται
883 652 1097 733 τετραμάρφοις

308 750 407 833 άραις,
422 752 542 833 ζευγνὺς
556 753 682 837 ἁρμονίη
695 754 886 834 πολύκαρπον
902 754 1010 835 ὄχημα.

223 857 281 916 διὸ
300 856 352 914 leae
371 876 436 932 erpo
457 856 637 933 appellatione
659 858 772 914 coelestis
789 857 896 915 itineris
915 857 958 915 soi
976 877 1056 934 qaum
1076 857 1234 933 confecisset
1246 878 1326 916 suam

222 974 338 1025 cursam,
352 955 494 1012 draconem
507 955 653 1030 confecisse
666 955 813 1012 dicebatur.

745 1084 801 1131 121

263 1155 432 1214 Macrobius
447 1154 564 1212 Suturn.
576 1154 600 1222 I,
614 1171 663 1229 23.

310 1250 368 1314 Καὶ
383 1255 458 1312 Γαΐα
471 1253 572 1330 μῆτερ·
598 1246 725 1312 Ἑστίαν
739 1249 773 1313 δέ
787 1248 816 1312 σ’
832 1252 861 1313 oi
876 1251 968 1332 σοφοὶ

308 1357 427 1433 βροτῶν
443 1355 595 1424 καλοῦσιν,
612 1351 723 1431 ἡμένην
739 1353 772 1415 ἑν
787 1351 890 1432 αἰθέρι.

264 1558 412 1618 Lucianus
425 1557 571 1633 Necyom.
586 1558 643 1614 vol.
653 1558 678 1615 I.
687 1577 715 1633 p.
726 1488 805 1633 4ῗ5262
820 1564 880 1616 so.
894 1561 1041 1634 Ἡράκλεις,
1056 1558 1174 1630 ε’λτλίγθει
1189 1560 1326 1616 Μένιππος

223 1659 288 1728 ἡμᾶς
301 1657 444 1712 ἀποθανών·
466 1650 520 1727 κᾷτ’
535 1656 565 1727 ἐξ
578 1656 695 1729 ὑπαρχῆς
707 1656 896 1723 άναβεβίοκενς

308 1757 387 1816 Μεν.
412 1749 486 1825 Οὐκ,
503 1752 574 1814 ἀλλ’
590 1750 631 1814 ἔτ’
646 1751 776 1830 ἔμπνουν
789 1750 889 1832 Ἀίδης
902 1749 931 1830 μ’
948 1749 1077 1829 ἐδέξατο-

223 1856 400 1933 “Euripidis
421 1867 519 1914 uutem
544 1874 660 1913 versum
682 1873 745 1913 esse
766 1855 917 1931 probabile
931 1866 1047 1912 tantum
1061 1865 1155 1912 estex
1170 1873 1217 1923 eo,
1232 1855 1324 1931 quod.

222 1975 313 2032 quum
327 1954 485 2030 Menippus
506 1953 633 2029 primum
657 1953 773 2010 initium
793 1954 923 2012 Hecubae
944 1955 1105 2020 recitasset,
1119 1953 1226 2012 deiude
1243 1955 1326 2014 bunc

219 2073 347 2120 versum,
358 2065 421 2110 tum
429 2052 623 2110 Andromede
635 2053 743 2118 locum,
754 2052 881 2129 denique
888 2071 989 2110 versus
997 2052 1071 2110 duos
1082 2051 1254 2109 Homericos
1266 2052 1325 2111 Od.

221 2157 249 2218 λ,
264 2153 330 2227 163.
351 2152 393 2209 sic
413 2151 528 2230 pergit:
552 2153 646 2206 νεωστί
666 2153 718 2224 γὰρ
736 2151 862 2224 Εὐριπίδῃ
880 2153 922 2206 καὶ
934 2149 1038 2226 Ὀμὴρηι
1056 2151 1253 2223 συγγενόμενος,
1278 2152 1326 2206 οὐκ

221 2245 270 2306 οὐδ’
284 2249 354 2307 ὅπως
364 2248 531 2319 άνεπλίγσθην
543 2253 595 2304 τῶν
608 2249 685 2315 ἐπῶν,
700 2250 742 2304 καὶ
758 2249 890 2318 αὐτόματά
909 2271 953 2317 μοι
972 2249 1005 2304 τὰ
1024 2249 1105 2321 μέτρα
1122 2247 1165 2302 ἐπὶ
1185 2250 1217 2301 τὸ
1237 2250 1327 2318 στόμα

219 2345 349 2421 ἔρχεται.”
370 2346 532 2403 Mur-rmus.

746 2443 754 2485 Ι
763 2442 780 2485 2

263 2531 411 2587 Lucienus
424 2529 459 2585 T.
470 2529 494 2586 1.
507 2548 535 2604 p.
550 2543 619 2604 573.
643 2539 720 2585 Λουκ.
747 2442 823 2600 oiim
847 2533 899 2584 τῶν
921 2534 1011 2585 κακῶν.
1029 2531 1044 2582 o
1065 2530 1112 2599 μὲν
1128 2528 1244 2601 ὀμηρος
1263 2527 1326 2598 ἡμῖν

221 2630 359 2702 (arpenne,
371 2627 387 2697 ἡ
400 2626 511 2699 μεγίστη
521 2626 605 2682 ἐλπίς.
627 2626 669 2680 ἐπὶ
678 2627 724 2680 τδν
731 2626 872 2698 Εὐριπίδην
885 2626 917 2697 δι’]
927 2649 972 2697 μοι
982 2627 1178 2698 καταφευκτέον·
1194 2626 1263 2697 τάχα
1272 2626 1325 2698 γάρ

220 2724 253 2781 δν
266 2728 361 2783 ἐκεῖνος
374 2724 472 2779 σώσειέ
483 2747 524 2794 με.

310 2820 362 2899 Μὴ
377 2824 483 2882 κτεῖνε·
506 2818 559 2881 τὸν
574 2818 672 2897 ἱκέτην
686 2820 744 2899 γὰρ
759 2818 794 2881 οὐ
809 2818 890 2897 θέμις
905 2823 1032 2882 κτανεῖν.

221 2927 306 2983 Πλάτ.
327 2926 359 2981 Τί
371 2926 417 2988 δίς
441 2925 501 2995 οὐχὶ
514 2924 614 2979 κάκεῖνα
628 2923 768 2996 Εὐριπίδου
782 2924 872 2988 ἑστίη

309 3021 355 3084 Οὐ
369 3021 452 3083 δεινὰ
464 3018 595 3100 πάσχειν
610 3020 692 3081 δεινά
706 3017 773 3085 τούς
788 3017 1009 3100 εἰργασμένους.

223 3152 301 3198 Λυυκ.

309 3222 375 3282 Νῦν
389 3218 443 3282 οὐν
458 3218 540 3282 ἕκατι
553 3217 690 3299 ῥημάτων
706 3222 834 3281 κτενεΐτε
847 3241 900 3296 με;

744 3337 804 3399 124

262 3426 405 3483 Aristides
419 3426 442 3482 Ι.
456 3446 485 3502 p.
500 3441 557 3499 247
573 3445 615 3501 sq.
630 3425 717 3483 Jebb.
739 3427 859 3499 Πέλαγος
877 3426 906 3480 δι’
927 3425 1011 3482 οὐδείς
1030 3446 1071 3479 πω
1091 3425 1134 3480 διά
1148 3426 1241 3481 τέλους
1257 3419 1325 3493 ᾖσεν

221 3529 282 3579 οὐτε
295 3524 402 3594 ποιητὴς
416 3528 475 3579 οὐτε
488 3526 667 3599 λογογράφος,
681 3522 742 3578 ἀλλ’
751 3521 866 3595 Ὅμηρος
878 3524 951 3596 λέγει
964 3522 1058 3577 ίοκιδέα
1066 3525 1162 3576 πόντον
1175 3523 1217 3576 καὶ
1231 3520 1324 3577 οἴνοπα

221 3626 326 3688 πόντον,
340 3623 381 3677 καὶ
395 3622 534 3694 Εὐριπίδης
548 3630 568 3653 “
578 3619 648 3676 Ἀλα
661 3619 841 3694 πορφυρέην.”

744 3747 802 3814 125

262 3819 438 3896 Porphyrius
449 3818 485 3876 de
499 3818 616 3876 Abstin.
628 3817 683 3886 III,
695 3837 710 3874 2
714 3831 741 3893 5.
757 3838 786 3894 p.
801 3835 834 3891 13
838 3833 865 3893 5.
887 3819 1013 3891 Συγγενὶς
1030 3817 1090 3888 ἧμιν
1109 3818 1141 3871 τὸ
1159 3820 1211 3871 τῶν
1223 3818 1325 3872 λοιπῶν

221 3921 387 3993 ζάωνγένος·
414 3917 455 3972 καὶ
472 3917 523 3990 γάρ
536 3919 633 3989 τροφοὶ
652 3919 735 3972 πᾶσαι
747 3918 774 3971 ai
786 3917 861 3971 αὐτοὶ
873 3919 955 3970 πᾶσιν
968 3916 1057 3970 αὐταῖς
1070 3915 1111 3969 καὶ
1123 3913 1265 3985 πνεύματα,
1290 3914 1325 3972 ios

221 4015 361 4089 Εὐριπίδης
370 4015 411 4069 καὶ

437 4092 571 4173 φοινίους
586 4090 651 4174 ἔχει
663 4092 735 4172 ῥοάς

306 4197 344 4257 ro
357 4199 416 4269 ζῶα
430 4191 537 4257 πάντα·

220 4301 261 4354 καὶ
275 4298 374 4354 κοινούς
386 4297 506 4353 ἁπάντων
517 4298 631 4352 δείκνυσι
644 4297 739 4368 γονάς,
752 4296 868 4367 Οὐρανὸν
881 4295 923 4349 καὶ
936 4295 997 4362 Γῆν.
