2850 4898
212 304 277 373 918
647 306 874 365 ΕΎΡΙΠΙΔΟΥ

254 558 386 617 Stobaeus
405 575 471 630 114.
485 575 515 632 p.
532 556 601 631 585.
744 485 781 550 23

298 651 433 717 Παλαιὸς
448 650 539 717 αἶνος·
563 650 637 731 ἔργα
650 653 706 728 μὲν
722 650 881 731 νεωτέρων,

296 753 407 832 βουλαὶ
422 751 445 816 δ’
462 753 566 835 ἔχουσι
581 757 639 814 τῶν
654 751 834 833 γεραιτέρων
850 750 961 832 κράτος.

252 982 385 1041 Stobaeus
400 981 448 1039 81.
463 1001 492 1057 p.
507 998 577 1057 473.
741 912 782 974 24

291 1077 399 1145 Ὅστις
414 1075 437 1140 δ’
454 1079 575 1157 ἄμικτον
590 1075 691 1155 πατέρ’
708 1077 771 1158 ἔχει
787 1079 906 1143 νεανίας

296 1181 425 1261 στυγνόν
439 1178 476 1256 τ’,
490 1181 523 1243 ἓν
537 1183 628 1246 οἴκοις
638 1178 757 1260 μεγάλα
773 1178 906 1258 κέκτηται
922 1177 1006 1241 κακά.

251 1411 384 1469 Stobaeus
399 1428 448 1485 92.
463 1431 493 1487 p.
510 1425 579 1485 5¹¹·
740 1338 779 1405 25

291 1502 336 1566 Ὦ
351 1504 466 1578 τέκνον,
483 1506 683 1586 ἆυθριόποισιν
699 1504 781 1567 ἔστιν
796 1504 840 1570 οῖς
853 1504 921 1582 βίος

295 1608 311 1668 ό
326 1607 427 1687 μικρὸς
442 1608 545 1688 εὐκρῖις
561 1603 685 1688 ἑγένεό,
703 1607 746 1671 οῖς
761 1604 785 1668 δ’
801 1607 889 1686 ὄγκος
904 1607 1004 1669 κακόν.

249 1836 422 1895 Plutarchus
436 1837 543 1896 Moml.
557 1858 587 1914 p.
604 1839 659 1896 116
673 1837 692 1894 s.
715 1750 848 1895 StIJ6baeus
864 1837 929 1895 106.
941 1856 969 1913 p.
982 1836 1050 1914 568.

294 1939 321 1996 Τ
322 1936 342 1996 ῖι
355 1935 568 2015 προσπεσόντα
581 1931 605 1997 δ’
621 1934 704 1999 όστις
719 1933 751 1996 εῖν
766 1931 852 2013 φίρει
865 1937 992 2013 βροτῶν,

295 2035 396 2116 σοφὸν
411 2037 526 2115 νομίζω,
544 2040 713 2115 σωφρονεῖν
728 2033 762 2098 τί
774 2059 825 2113 μοι
840 2039 929 2098 δοκεῖ.

209 2136 245 2193 V.
261 2155 286 2196 1.
300 2141 333 2194 τὰ
346 2142 507 2213 τυγχάνοντα
521 2138 664 2197 Stobaeus.

737 2263 776 2330 27

249 2334 382 2395 Stobaeus
404 2351 469 2410 115.
485 2358 513 2413 p.
528 2352 597 2413 590.

293 2431 335 2493 Τί
347 2429 372 2493 δ’
388 2431 476 2504 ἄλλο,
492 2432 577 2513 φωνὴ
593 2431 640 2494 καὶ
656 2433 725 2494 σκιῖι
739 2429 835 2512 γέρων
850 2429 933 2510 ἀνήρ.

251 2661 407 2718 Erotianus
420 2679 449 2735 p.
462 2659 510 2717 62.
533 2662 655 2730 Βακχεῖος
672 2661 720 2730 μὲν
737 2572 776 2715 {18
780 2663 874 2732 πρόιτφ
887 2663 978 2732 φονεῖς
990 2662 1074 2733 φησὶν
1088 2662 1262 2736 (ἀλάστορας)
1280 2667 1310 2719 εἰε

207 2765 253 2831 τῆς
266 2759 406 2832 Εὐριπίδου
420 2759 589 2827 Μελανίππης

289 2853 379 2919 Ἴσως
394 2850 536 2932 άλόστορ’
554 2852 606 2914 οὐκ
621 2853 768 2931 ἐτόλμησε
784 2856 911 2915 κτανεῖν.

737 3006 776 3071 ²9

247 3095 405 3152 Athenaeus
418 3094 499 3150 XIV.
509 3113 538 3169 p.
549 3094 609 3166 614
620 3093 647 3150 d.
663 3095 711 3148 Καὶ
722 3094 861 3166 Εὐριπίδης
872 3094 901 3148 δὲ
909 3094 937 3148 ἐν
949 3097 980 3162 τῇ
994 3094 1134 3164 δεσμῶτιδι
1149 3096 1307 3165 Μελανίππῃ

206 3197 258 3267 ἔφη

291 3284 424 3366 Ἀνδρῶν
439 3286 471 3347 δὲ
486 3284 596 3346 πολλοὶ
609 3288 662 3347 τοῦ
676 3283 807 3365 γέλωτος
822 3285 929 3346 οὔνεκα

293 3389 419 3452 ἀσκοῦσι
433 3386 556 3468 χάριτας
571 3387 737 3467 κερτόμους·
763 3387 821 3467 ἐγὼ
837 3385 870 3449 δέ
881 3412 942 3454 πως

292 3495 369 3569 μισῶ
384 3491 529 3570 γελοίους,
547 3489 653 3554 οίτινες
666 3490 722 3567 μὲν
737 3488 784 3550 ἐπὶ
800 3493 905 3568 σοφεῖν

293 3590 413 3673 ἀχάλιν’
430 3589 534 3672 ἔχουσι
549 3593 692 3668 στόματα,
710 3592 769 3656 κείς
784 3592 899 3673 ἀνδρῶν
913 3593 969 3670 μὲν
984 3589 1018 3654 οδ

293 3693 413 3757 τελοΰσ’
428 3691 562 3774 ἀριθμὸν,
580 3695 613 3755 ἐν
630 3692 739 3774 γέλωτι
755 3691 778 3755 δ’
795 3692 958 3775 εὐπρεπεῖς.

293 3798 406 3860 οἰκοῦσι
421 3793 444 3857 δ’
461 3797 558 3860 οίκους
573 3795 620 3857 καὶ
635 3798 672 3858 τὰ
686 3797 929 3873 ναυστολούμενα

293 3897 353 3961 ἔσω
369 3898 466 3976 δόμων
481 3897 616 3971 σόζουσι.

207 4006 244 4063 V.
259 4021 283 4061 1.
302 4020 327 4060 2.
349 4000 517 4058 Eustathius
531 4019 560 4075 p.
578 4000 663 4075 1837.

732 4132 775 4196 30

247 4203 406 4262 Athenaeus
420 4202 489 4259 XII.
503 4220 532 4276 p.
550 4215 606 4276 523
621 4219 646 4257 e.
667 4201 816 4272 Ὠνομάσθη
838 4200 860 4256 δ’
882 4202 896 4270 ἡ
917 4203 995 4275 Σίρις,
1011 4202 1045 4258 ὥς
1058 4203 1105 4272 μὲν
1118 4203 1222 4273 Τίμαιός
1235 4206 1307 4277 φησι

207 4305 248 4359 καὶ
261 4300 401 4374 Εὐριπίδης
414 4301 441 4356 ἐν
456 4301 603 4370 Δεσμώτιδι
617 4298 632 4368 ἢ
648 4300 803 4367 Μελανίππῃ
817 4298 868 4354 άπὸ
881 4302 999 4373 γυναικός
1011 4322 1080 4356 τινος
1093 4300 1201 4372 Σίριδος.
