2850 4898
643 288 871 348 ΕΥΡΙΠΙΔΟΥ

293 479 368 557 ὅσην
384 478 448 561 ἔχει
462 480 610 560 φρόνησιν
625 480 737 559 ἀξίωμά
751 506 793 545 τε.

295 581 349 644 κάν
364 584 421 662 γάρ
437 581 527 660 πένης
542 580 584 644 ὢν
598 581 731 664 τυγχάνῃ
746 584 875 666 χρηστὸς
890 585 997 665 γεγὼς,

293 683 379 763 τιμὴν
394 684 459 766 ἔχει
473 685 538 757 τιν’,
556 685 809 766 ἀναμετρούμενος
824 685 857 750 δέ
871 712 932 754 πως

293 786 327 849 τὸ
341 790 394 849 τοῦ
407 785 518 868 πατρὸς
532 792 673 867 γενναῖον
687 787 804 869 ἀφελεῖ
816 791 923 874 τρόπῳ.

209 917 285 974 Hinc
300 916 403 973 sumsit
412 915 586 991 compilator
595 914 687 973 libelli
697 920 757 990 περὶ
767 919 903 991 εὐγενείας,
916 918 967 994 qui
976 919 1054 977 inter
1065 919 1256 980 Plutarcheos
1267 935 1313 981 est

206 1014 264 1070 vol.
279 1013 316 1070 V.
332 1013 377 1071 ed.
393 1013 486 1088 Wytt.
502 1032 531 1088 p.
547 1012 616 1087 965.

742 1172 753 1213 1

248 1256 380 1314 Stobaeus
400 1273 464 1328 104.
480 1275 508 1331 p.
524 1257 593 1330 565.
617 1257 740 1326 Τημενίσι
759 1171 781 1232 4

294 1352 413 1414 Πολλοὶ
428 1356 556 1432 γεγῶτες
570 1352 674 1432 ἀνδρες
688 1351 741 1414 οάκ
755 1350 856 1434 ἔχουσ’
873 1355 951 1421 ὅπως

294 1455 430 1532 δείξωσιν
445 1453 559 1527 αὑτοὺς,
574 1458 633 1517 τῶν
649 1459 745 1517 κακῶν
761 1456 890 1540 ἐξουσία.

740 1618 776 1682 ¹5

249 1703 383 1761 Stobaeus
403 1720 467 1776 123.
483 1721 513 1778 p.
528 1702 599 1776 617.
628 1705 751 1774 Τηρκνίσι

292 1803 363 1865 Τοῖς
378 1803 470 1862 πᾶσιν
484 1799 665 1879 ἀνθρώποισι
681 1804 837 1863 κατθανεῖν
851 1799 946 1879 μένει.

295 1898 394 1962 κοιυάν
409 1896 432 1961 δ’
450 1899 570 1981 ἔχοντες
585 1899 655 1962 αὐτὸ
673 1902 756 1964 κοινά
770 1899 929 1983 πάσχομεν

292 2001 410 2068 πάντες·
433 2002 467 2064 τὸ
483 2005 539 2083 γάρ
554 2002 652 2085 χρεὼν
665 2000 794 2081 μεῖζονῆ
810 2004 843 2065 τά
858 2004 898 2083 μὴ
913 2006 1022 2087 χρεόν.

736 2149 775 2210 16

247 2233 381 2292 Stobaeus
394 2252 422 2306 4.
437 2252 466 2309 p.
484 2247 532 2307 52.
560 2237 698 2306 Τημενίσιν

291 2331 462 2401 Ἀσύνετος,
479 2330 560 2395 ὅστις
576 2331 609 2392 ἐν
624 2330 712 2414 φόβῳ
727 2331 783 2408 μὲν
797 2329 934 2408 ἀσθενὴς,

293 2433 399 2510 λαβὼν
413 2433 445 2493 δὲ
459 2431 563 2510 μικρὸν
577 2436 627 2509 τῆς
641 2434 731 2514 τύχης
744 2437 853 2513 φρονεῖ
864 2431 953 2513 μέγα.

739 2585 776 2648 17

248 2673 348 2730 Pollux
359 2672 411 2738 lX,
431 2688 477 2744 27.
506 2675 564 2729 Τοῖς
584 2674 634 2745 γὰρ
655 2676 772 2741 ποιητοῖς
793 2675 834 2727 καὶ
854 2675 900 2729 τάς
921 2677 1006 2744 κώμας
1026 2677 1137 2749 λέγουσι
1160 2680 1253 2735 πόλεις
1277 2680 1308 2734 οὗ

206 2772 373 2844 προσεκτέον,
389 2770 421 2827 ὧς
436 2769 495 2840 παρ’
509 2771 706 2841 Εὐριπίδη-ἔν
718 2771 869 2840 Τημενίἀοις

287 2880 413 2946 ’Ἅπασα
429 2883 665 2961 Πελοπόννησος
680 2881 800 2963 εὐτυχεῖ
812 2883 907 2947 πόλις.

247 3108 381 3164 AElianus
394 3107 434 3163 N.
448 3106 484 3162 A.
497 3106 566 3172 Vll,
583 3124 631 3181 39.
652 3106 697 3161 Ἐν
718 3018 821 3163 &Rois
841 3107 990 3177 Τημενίδαις
1010 3109 1042 3162 τὸ
1054 3107 1209 3181 Ἡράκλειαν
1226 3105 1310 3166 ἆθλον

204 3209 307 3277 ἔλαφον
320 3207 412 3277 κε’ρατα
426 3206 495 3276 ἔχειν
505 3206 520 3257 ἀ
531 3205 608 3261 αὐτὸς
621 3205 761 3278 Εὐριπίδης
774 3207 843 3276 φησὶ
856 3205 902 3261 τάν
916 3209 1013 3277 τρόπον
1026 3207 1101 3260 τόνδε
1114 3203 1182 3276 ᾅδων
1197 3200 1309 3262 “Ἠλθε

205 3304 228 3359 δ’
243 3306 285 3358 ε’πὶ
305 3305 471 3376 χρυσόκερων
489 3303 594 3373 ἔλαφον
611 3303 732 3375 μεγάλων
751 3303 838 3357 άθλωυ
858 3299 900 3357 ἵνα
916 3300 1019 3380 (marg.
1033 3302 1123 3360 Gefln.
1137 3304 1238 3376 χρῆμα)
1255 3305 1309 3359 ἀει·

206 3403 250 3456 νάν
272 3401 388 3456 ἀποστάς
408 3399 463 3455 κατ’
487 3398 611 3457 ἐναύλους
634 3399 714 3473 ἀρέων
737 3399 850 3467 ἀβάτους
875 3400 918 3454 ε’πί
940 3423 968 3455 τε
992 3404 1118 3471 λειμῶνας
1138 3402 1257 3472 ποιμὶυιά
1280 3424 1309 3456 τε

205 3498 303 3568 ἀλση.”

740 3651 752 3693 I

247 3737 422 3813 HesychiuS‚
437 3738 552 3794 Αἷσίωςε
575 3741 670 3803 καλῶς,
685 3653 785 3808 ἀεξιῶἀ.
814 3736 953 3810 Εὐριπίδης
966 3738 1080 3810 Τημένῳ.

739 3888 780 3934 20

247 3958 421 4035 Hesychius,
433 3959 594 4030 Ἀναναμόηνι
619 3959 775 4031 ἀναδασμόν.
804 3960 935 4030 ἀνανέμειν
947 3962 998 4034 γάρ
1011 3962 1043 4015 τὸ
1055 3960 1176 4034 μερίζειν.
1201 3961 1310 4032 Εὐριπί-

206 4060 252 4127 ἀης
261 4060 374 4133 Τημένῳ.

738 4204 755 4250 2
763 4205 773 4247 l

247 4287 577 4366 Ηθεγολίυε,”λπυργοςτ
605 4289 760 4361 ἀτείχιστος.
786 4290 924 4363 Εὐριπίδης
937 4291 1050 4364 Τημένῳ.
