2850 4898
534 280 878 341 ΑΠΟΣΠΑΣΜΑΤΙΑ.
1202 278 1262 346 9921

251 463 381 526 πλαιίτου
396 463 429 525 δὲ
444 467 594 544 κρεῖσσονΙ
619 467 672 526 τοῦ
684 465 740 542 μὲν
755 464 844 527 ὦκεῖα
857 462 975 545 πτίρυξ,

250 569 351 632 παῖδες
366 566 398 628 δὲ
412 566 546 647 χρηστοὶ,
564 565 618 629 κᾶν
634 565 756 641 θάνιοσι,
772 567 887 646 δώμασι

252 665 344 730 καλὸν
358 666 392 729 τδ
408 668 605 748 θησαύρισμα,
622 672 683 733 τοῖς
697 666 819 730 τεκοῦσί
831 693 864 730 τε

251 767 387 847 ἀνάθημα
400 770 515 847 βιότου,
533 767 649 833 κοῦποτ’
665 770 796 833 ἐκλείπει
810 771 925 848 δόμους.

696 933 708 976 1

207 999 338 1057 Stobaeus
354 1003 403 1076 85.
419 1021 447 1077 p.
462 1019 532 1077 497.
712 933 732 998 3

251 1095 357 1158 Μόνον
371 1097 397 1158 δ’
413 1095 450 1159 δυ
465 1098 539 1160 αιἰτδ
553 1096 711 1179 χρημάτων
725 1097 778 1160 οὐκ
793 1095 830 1160 άν
841 1095 957 1175 λάβοις,

245 1198 440 1277 γενναιότητα
455 1197 589 1280 κάρετήυ·
615 1198 703 1266 καλὸς
718 1198 751 1263 δέ
765 1223 808 1264 τις

250 1296 305 1361 κδυ
321 1300 353 1362 ἐκ
365 1305 501 1382 πονηρῶν
515 1300 660 1380 σωμάτων
673 1300 794 1381 γένοιτο
808 1305 886 1366 παῖς.

696 1466 734 1524 ¹4

204 1528 336 1586 stobaeus
350 1528 458 1598 cxlx
473 1549 503 1607 9.
518 1531 609 1589 σοις.

217 1667 222 1673 ·
247 1623 385 1704 Τερπνδν
399 1625 432 1687 τὸ
448 1631 511 1706 φῶς
523 1652 584 1706 μοι,
599 1625 668 1690 τὸδ’
681 1627 738 1691 ὑπὸ
754 1631 811 1709 γῆν
820 1623 926 1690 Ἀιδου
937 1626 1043 1691 σκότος

247 1722 306 1786 οὐδ’
323 1727 364 1791 είς
378 1725 495 1806 ὄνειρον
509 1727 603 1793 οὐδεὶς
618 1728 788 1809 ἀνθρώπους
801 1730 916 1806 μολεῖν.

248 1826 308 1906 ἐγὼ
322 1827 378 1905 μὲν
389 1827 442 1890 οὖν
456 1833 578 1910 γεγῶσα
592 1828 720 1909 τηλικήδ
738 1830 815 1909 ὅμως

248 1925 391 1991 άπέπτυσ’
408 1927 489 2002 αὐτὸ,
507 1927 623 1993 κοῦποτ’
641 1931 764 2012 εὔχομαι
779 1934 891 1993 θανεῖν.

695 2091 709 2135 1

202 2174 329 2251 EtymOL
341 2175 384 2233 M.
395 2195 424 2252 p.
436 2176 505 2249 803,
517 2176 565 2248 46.
587 2183 631 2253 Φῷ
639 2178 696 2232 ἀντὶ
704 2090 751 2231 ἑοῦ
764 2178 834 2249 φωτὶ
848 2177 898 2230 σὺν
910 2180 948 2251 τῷ
961 2199 979 2232 ι.
1002 2176 1140 2248 Εὐριπίδης
1154 2176 1257 2229 Μελεά-

162 2292 219 2346 γρῳ
247 2365 291 2429 Ta
306 2369 363 2445 μὲν
374 2369 408 2431 ἓν
422 2369 480 2452 ᾠῷ,
496 2367 529 2429 τὸ
544 2369 576 2430 δὲ
592 2366 668 2430 κόπω
683 2368 790 2433 σκότος
805 2369 904 2430 κακόν.

694 2521 732 2583 16

202 2604 299 2662 Schol.
317 2605 399 2662 Pind.
419 2607 506 2664 Nem.
527 2625 571 2675 ιο,
592 2625 635 2663 12.
670 2604 969 2680 Ἱυδεὺς-άπεγεθσατο
989 2608 1041 2658 τῶν
1060 2600 1258 2657 Μελανιππείοιν

160 2707 250 2774 κρεῶν,
264 2703 299 2759 ὡς
312 2705 352 2757 καὶ
365 2705 504 2775 Εὐριπίδης
517 2704 545 2758 ἒν
558 2708 594 2779 τῷ
608 2705 751 2778 Μελεάγρῳ
765 2705 834 2774 φησὶ

247 2799 300 2862 Ele
314 2798 520 2879 άνδροβριδτας
533 2798 640 2875 ἡδονὰς
654 2798 791 2878 άφίξεται

247 2896 357 2978 κάρηνα
370 2898 480 2964 Τυδεὺς
494 2896 600 2979 γένυσι
615 2898 816 2960 Μελανίππου
831 2895 960 2960 σπάσας.

691 3045 726 3112 ι7

200 3118 305 3178 Suidas
320 3140 344 3178 v.
360 3125 405 3175 νῦν
418 3120 450 3190 δή
464 3131 495 3177 et
508 3119 639 3177 Photius.

243 3211 336 3297 Ὁρᾷς
349 3213 388 3278 σὺ
403 3218 456 3278 νῦν
470 3213 506 3293 δή
519 3212 548 3293 μ’
565 3214 603 3280 ὡς
618 3212 775 3294 ἔτράῦνας.
792 3213 877 3293 τύχη.

688 3355 725 3416 18

197 3460 345 3536 Aristoph.
360 3459 434 3516 Ran.
453 3475 540 3533 1349.
569 3459 709 3514 Είλίσσετε
722 3455 859 3514 δακτύλοις
876 3458 1013 3530 Φάλαγγες
1027 3458 1149 3512 ίστότονα
1161 3457 1254 3525 πηνίσ·

155 3578 224 3624 μοτα
236 3557 277 3611 καὶ

457 3633 585 3714 κερκίδος
600 3634 701 3695 ἀοιδοῦ
713 3631 849 3710 μελέτας.

155 3734 206 3791 ubi
220 3734 311 3792 schol.
325 3739 357 3790 τά
371 3737 399 3791 δὲ
412 3736 526 3808 κερκίδος
540 3737 568 3791 ίκ
579 3736 731 3808 Μελεάγρου
745 3737 895 3809 Εὐριπίδου.

688 3883 726 3946 19

196 3950 330 4008 Stoboeus
344 3949 394 4007 60.
408 3969 436 4025 p.
453 3951 522 4025 383.

239 4043 297 4111 Ὧς
309 4043 363 4124 ἡδδ
377 4046 494 4111 δούλοις
508 4048 655 4110 δεσπότας
670 4044 816 4128 χρηστοὺς
830 4049 949 4122 λαβεῖν,

242 4145 290 4209 καὶ
304 4146 480 4209 δεσπόταισι
495 4150 603 4209 δοῦλον
619 4147 726 4223 εὐμενῆ
740 4146 847 4224 δόμοις.

666 4267 684 4304 ⁰
698 4267 745 4324 84
