2850 4898
520 271 865 332 ΑΠΟΣΠΑΣΜΑΤΙΑ.
1177 271 1242 338 899

182 523 317 582 Stobaeus
332 543 360 602 9.
375 545 404 602 p.
424 545 489 584 100.
680 439 698 500 8

228 624 380 702 Κρεῖσσον
395 623 427 685 δὲ
442 622 574 686 πλούτου
586 622 634 685 καὶ
648 623 841 704 πολυχρύσου
855 626 959 706 χλιδῆς

228 723 343 804 ἀνδρῶν
359 722 478 787 δικαίων
493 722 631 804 κθγαθῶν
645 723 814 803 παρονσίαι.

181 947 316 1006 Stobaeus
331 966 379 1022 43.
395 967 424 1023 p.
441 964 510 1020 302.
677 877 696 939 9

229 1042 321 1125 Ἀνὴρ
334 1045 392 1125 γὰρ
407 1043 489 1108 ὅστις
503 1040 661 1124 χρημάτων
674 1042 731 1120 μὲν
747 1041 857 1120 ἐνδεὴς,

226 1149 334 1228 δρῖισαι
349 1146 382 1209 δὲ
396 1144 475 1227 χειρὶ
489 1143 621 1216 δυνατὸς,
636 1143 689 1206 οὐκ
704 1142 850 1222 ἀνέξεται,

226 1251 263 1311 τὰ
278 1253 337 1312 τῶν
351 1245 375 1311 δ’
391 1244 524 1331 ἑχόντων
538 1243 663 1329 χρήμαθ’
680 1245 819 1327 ἁρπάζειν
833 1250 926 1328 φιλεῖ.

181 1352 325 1409 Praeterea
339 1371 357 1408 α
370 1350 489 1409 Stobaeo
504 1363 533 1424 5.
549 1368 577 1425 p.
592 1348 641 1422 63.
663 1349 810 1406 e'lheseo
832 1349 960 1407 citantur
980 1351 1039 1409 duo
1057 1371 1168 1420 versus,
1191 1357 1240 1431 qui

143 1450 181 1506 ab
195 1448 300 1508 eodem
313 1449 344 1507 in
367 1450 460 1527 eclog.
473 1448 557 1524 phys.
573 1466 639 1504 cum
658 1446 788 1522 quinque
807 1447 870 1505 aliis
889 1447 925 1506 ad
943 1447 1051 1526 Dictyn
1065 1449 1240 1511 referuntur.

140 1546 207 1605 Vid.
222 1547 301 1605 Dict.
317 1545 351 1604 fr.
367 1545 450 1614 VIII,
467 1563 496 1619 3.
511 1562 541 1618 4.

646 1775 732 1833 ΙΝΩ.

180 1891 225 1949 De
240 1903 412 1970 argumento
427 1890 532 1948 fabulae
546 1890 637 1948 schol.
651 1891 800 1969 Aristoph.
813 1890 903 1968 Vesp.
923 1910 1009 1966 1404.

682 2039 696 2081 1

184 2109 281 2166 Schol.
305 2108 387 2166 Pind.
409 2108 512 2165 Isthm.
528 2125 577 2180 41,
598 2125 645 2182 39.
667 2106 741 2164 Ἀλλ’
759 2109 939 2182 ἀνεγειρομένα
958 2117 1047 2184 χρῶτα
1069 2115 1182 2185 λάμπεις
1205 2119 1242 2192 τῷ

138 2208 209 2283 αύτῷ
222 2209 310 2282 πρύπερ
323 2208 364 2262 καὶ
377 2207 517 2279 Εὐριπίδης
529 2207 651 2278 κέχρηται

225 2299 345 2366 Ἰδοθσα
360 2299 384 2364 δ’
399 2299 494 2368 Ἰνοῦς
509 2303 668 2382 σνμφαρδν
682 2301 779 2365 πολὺν
792 2300 904 2385 χρόνον

227 2407 281 2469 νύν
294 2405 363 2483 ὄμμ’
378 2404 496 2485 ἐγείρει.

183 2629 319 2688 Stoboeus
334 2645 382 2703 39.
399 2646 428 2703 p.
446 2643 514 2701 237.
537 2558 708 2686 Plutarch68
724 2628 830 2686 Moral.
844 2649 873 2706 p.
890 2645 947 2706 507
965 2632 991 2690 b.
1012 2633 1103 2691 schol.
1124 2633 1240 2693 Pindar.

140 2727 226 2806 Pyth.
242 2744 272 2802 3,
285 2725 336 2784 66.

221 2818 313 2884 Ἴστω
327 2822 360 2884 δὲ
374 2820 474 2899 μηδεὶς
487 2818 579 2893 ταῦθ’,
596 2817 615 2881 δ
632 2823 775 2901 σιγᾶσθαι
789 2823 897 2903 χρεών·

224 2927 328 3005 μικροῦ
341 2925 400 3004 γλρ
415 2924 448 2985 ἑκ
462 2926 633 3003 λαμπτῆρος
646 2920 756 2985 Ἰδαῖον
770 2920 865 2989 λέπας

224 3025 367 3106 πρήσειεν
381 3026 419 3089 av
433 3050 485 3098 τις,
503 3025 550 3087 καὶ
564 3023 637 3106 πρὸς
651 3022 731 3105 ἄνδρ’
749 3025 839 3087 εἰπὼν
855 3024 909 3089 ἕνα

224 3125 355 3192 πύθοιντ’
372 3126 410 3190 ἂν
425 3127 512 3190 ἀστοὶ
526 3125 635 3193 πάντες
650 3124 670 3189 ἃ
686 3127 822 3208 κρύπτειν
836 3129 945 3209 χρεύν.

180 3351 315 3409 Stobaeus
329 3348 377 3424 87.
392 3371 422 3426 p.
438 3364 507 3425 500.
678 3283 697 3348 3

219 3445 401 3526 Ἐπίσταμαι
415 3448 448 3509 δὲ
462 3444 560 3519 πάνθ’,
576 3444 623 3508 θσ’
640 3446 746 3527 εὐγενῆ
760 3447 868 3529 χρεὼν,

225 3551 316 3629 σιγᾶν
331 3546 357 3611 θ
373 3549 448 3611 ὅπου
462 3552 509 3612 δεῖ
521 3547 569 3611 καὶ
582 3547 687 3629 λέγειν
702 3546 738 3611 ἵν’
755 3550 902 3629 ἀσφαλὲς,

225 3651 299 3730 ὁρᾶν
313 3648 339 3713 θ
355 3647 374 3712 θ
390 3654 437 3712 δεῖ
447 3674 495 3728 με,
512 3649 585 3731 κούχ
600 3650 673 3730 ὁρᾶν
688 3646 708 3711 ἃ
722 3649 762 3728 μὴ
776 3649 883 3731 χρεὸν,

225 3751 354 3834 γαστρὸς
370 3757 487 3832 κρατεῖν
501 3750 543 3814 δέ·
569 3752 617 3815 καὶ
631 3755 689 3833 γὰρ
705 3754 738 3814 ἐν
753 3757 887 3815 κακοῖσιν
901 3751 944 3815 ὢν

225 3853 427 3937 ἑλενθέροισιν
439 3855 670 3932 ἑμπεπαίδενμαι
681 3854 807 3935 τρόποις.

137 3956 175 4015 V.
193 3974 221 4016 2.
243 3958 414 4016 Plutarchus
429 3958 535 4015 Moral.
546 3977 574 4033 p.
590 3958 651 4033 506
665 3977 690 4016 ο.
707 3957 766 4014 606
781 3977 807 4014 α.
831 3958 944 4016 Gellius
958 3946 1043 4026 XIII,
1065 3960 1108 4017 18.

178 4172 312 4230 Stoboeus
329 4174 377 4247 83.
393 4193 421 4249 p.
437 4172 506 4247 483.
674 4105 696 4163 4

223 4267 351 4332 Τοιθνδε
364 4268 422 4352 χρὴ
437 4269 552 4350 γυναικὶ
567 4270 743 4350 πρόσπολον
759 4271 821 4342 ἐᾶν,

181 4390 258 4435 ναι.
273 4393 310 4435 11.
668 4391 687 4433 ν
704 4370 720 4433 f
