2850 4898
200 276 266 341 856
640 283 869 344 ΕΥΡΙΠΙΔΟΥ

202 462 275 528 etp.
293 465 350 524 747
371 450 399 509 d.
423 458 441 482 “
455 451 486 505 ‘0
499 455 640 523 πετόμενος
654 455 722 526 ίερδν
735 453 782 508 όνὰ
796 456 858 511 Διὸς
871 456 961 528 αίθέρα
975 455 1156 529 γοργοφόνος”
1177 456 1311 534 denique

200 567 300 606 versus
315 567 333 605 a
346 548 478 605 Zenobio
493 548 531 606 V.
543 566 593 623 45.
609 551 717 608 citatus

324 644 377 720 Οἴη)
387 645 412 715 μ’
427 648 442 699 ό
456 647 552 717 δαίμων
566 649 646 722 θηρίῳ
659 647 813 723 συνῴκισεν,

201 760 289 817 quem
310 761 377 800 cum
396 762 482 800 versu
496 744 659 823 Theogncti
680 745 784 802 comici
798 743 875 821 opud
889 745 998 802 Athen.
1012 743 1067 804 111.
1077 767 1106 823 p.
1122 763 1177 819 104
1192 765 1218 805 c.
1233 765 1308 805 cou-

200 837 257 895 icrt
271 838 471 905 Casoubonus,
484 839 537 916 οἵη
548 840 575 912 μ’
588 844 603 895 ό
617 843 714 913 δαίμων
727 844 873 918 φιλοσόφῳ
885 842 1057 918 συνῴκισεν.”
1099 844 1267 903 Mic-mm.

241 1039 340 1098 Schol.
355 1041 474 1098 Thecm.
495 1041 579 1098 1018.
602 1046 687 1098 Πόλιν
701 974 933 1116 cinomiam.
954 1047 1020 1116 πρὸς
1039 1046 1086 1114 την
1105 1045 1179 1118 Ἠχὼ
1196 1046 1307 1120 Ἀνδρο-

199 1139 264 1208 μέδα
281 1140 352 1211 λέγει
372 1145 391 1169 “
406 1141 618 1212 προααιδοῦσσαι
635 1142 683 1196 τὰς
701 1142 729 1195 έν
747 1141 849 1213 όντροις
868 1141 1022 1196 όπόπανσον
1034 1144 1114 1198 ἔασον
1127 1143 1188 1214 ὰχοῑ
1206 1167 1239 1214 με
1255 1146 1309 1199 σὺν

199 1237 291 1306 φίλαις
302 1238 366 1308 γόου
379 1238 462 1292 πόθον
470 1236 589 1303 λαβεῖν.”
616 1235 766 1294 Seidlerus

286 1330 370 1411 Πρὸς
385 1333 491 1397 Αἰδοῦς
505 1356 542 1395 σε
556 1334 612 1395 τὰν
628 1334 662 1395 ἓν
677 1334 803 1414 ἄντροις,

286 1435 473 1505 ὰπόπαυσον,
491 1434 584 1498 ἔασον

284 1534 377 1618 Ἀχοῖ
388 1561 425 1614 με
441 1537 498 1600 σὺν
514 1538 618 1618 φίλαις
632 1539 705 1619 γόου
719 1538 815 1600 πόθον
829 1543 948 1616 λαβεῖν.

198 1639 310 1697 Eodem
333 1650 447 1715 spectat
469 1641 601 1698 scholion
617 1661 648 1699 v.
668 1659 753 1718 ¹059·
789 1643 863 1698 Ἐπεὶ
883 1642 1007 1716 εἷοίηγαγε
1031 1644 1235 1698 κακοστένακτον
1257 1645 1306 1713 τὴν

198 1736 274 1809 Ἠχὼ
288 1740 303 1791 ό
317 1739 458 1810 Εὐριπίδης
472 1739 499 1792 έν
512 1742 544 1807 τῇ
556 1737 725 1812 Ἀνδρομέδᾳ,
740 1741 777 1797 είς
790 1745 868 1794 τοῦτο
882 1742 976 1808 παίζει.

240 1934 339 1994 schol.
354 1956 383 1994 v.
400 1954 485 1994 1022.
514 1941 589 2011 Παρὰ
602 1941 635 1994 τὰ
648 1944 696 1994 τοῦ
709 1872 791 2013 χοίίοῦ
804 1940 833 1994 έν
845 1939 1005 2012 Ἀνδρομέδα

280 2029 438 2098 Ἀυοικτος
452 2032 484 2100 δς
498 2034 592 2096 τεκόν
606 2060 643 2096 σε
658 2034 712 2112 τὴν

287 2134 541 2214 πολυπονιντότηυ
555 2142 674 2216 βροτῶν

286 2240 414 2316 μεθῆκεν
423 2235 513 2321 'Atio
526 2236 637 2319 πατρδς
650 2240 841 2319 ὑπερθανεῖν.

239 2441 338 2501 Schol.
353 2462 381 2498 v.
400 2459 486 2519 1015.
506 2447 582 2517 Παρὰ
599 2446 633 2498 τὰ
654 2444 684 2516 έξ
697 2374 869 2518 Ἀνδρομέδας
883 2445 1025 2518 Εὐριπίδου
1044 2452 1064 2476 “
1076 2445 1153 2500 Φίλαι
1165 2447 1303 2519 παρθένοι,

198 2542 276 2613 φίλαι
288 2540 358 2612 μοι.”
373 2542 406 2594 τὰ
419 2541 447 2595 δέ
457 2543 630 2613 ἐπιφερόμενα
644 2545 710 2614 πρὸς
723 2545 754 2597 τό
768 2544 831 2597 αὐτὸ
841 2543 982 2615 χρησιμον.

239 2737 337 2796 Schol.
352 2738 442 2796 An'st.
457 2741 512 2797 Av.
524 2755 594 2815 347.
616 2743 665 2796 Καὶ
674 2741 763 2796 δοῦναι
776 2740 868 2815 ρίιγχει
877 2743 994 2815 φαρβιίντ
1009 2741 1203 2812 Ἀσκληπιάδης
1216 2743 1304 2814 φησὶν

197 2837 248 2892 α’πδ
256 2836 426 2911 Ἀνδρομέδας
440 2833 513 2903 εἶναι,
525 2839 560 2896 ῶς
570 2841 611 2894 καὶ
618 2841 649 2893 τὰ
665 2844 686 2869 “
694 2840 730 2893 Σὰ
742 2842 794 2913 γὰρ
807 2844 889 2894 ταῦτα
898 2837 995 2894 πόντα”
1004 2840 1045 2894 καί
1055 2847 1074 2870 “
1085 2837 1187 2894 Ἐκεῖσε
1196 2838 1303 2911 δεῦρο’

190 2935 306 2992 Ἄλλους.
342 2937 417 3007 Παρὰ
430 2938 461 2990 τὸ
472 2936 613 3010 Εὐριπίδου
626 2938 656 3008 έξ
675 2936 847 3009 Ἀνδρομέδας
861 2945 881 2969 “
894 2936 1020 2992 Ἐκθεῖναι
1039 2937 1108 3007 κήτει
1121 2936 1253 3009 φορβὰν,”
1266 2938 1303 2995 ῶς

196 3033 400 3107 Ἀριστοφάνης,
422 3035 455 3088 τὰ
474 3035 538 3104 μηδὲ
559 3035 725 3105 διδαχθείσης
746 3037 792 3104 της
813 3035 957 3110 τραγηιδίας
976 3036 1186 3108 παρατιθέμενος.
1215 3037 1257 3089 καί
1269 3037 1302 3090 τὰ

198 3136 217 3162 “
229 3133 265 3186 Σὰ
278 3132 329 3205 γὰρ
342 3136 424 3186 ταῦτα
437 3131 536 3187 πόντα”
550 3134 590 3187 καλ
606 3141 625 3162 “
635 3135 671 3187 Τὸ
685 3133 746 3201 τῇδε
761 3133 802 3187 καὶ
815 3134 845 3186 τὰ
856 3131 941 3186 κεῖσε”
956 3134 1026 3205 παρὰ
1039 3134 1072 3187 τὰ
1085 3133 1113 3187 έκ
1126 3136 1178 3186 τῶν
1195 3133 1302 3202 μηδέπω

196 3229 369 3300 διδαχθεισῶν
382 3233 530 3284 Φοινισσῶν
545 3232 585 3300 (v.
598 3230 684 3307 315.)
699 3230 792 3302 φησίν.
808 3237 828 3259 “
840 3228 887 3285 Ad
901 3247 1018 3287 versum
1029 3231 1137 3285 ε’κθιῖναι
1148 3228 1217 3299 κήτει
1231 3230 1300 3301 φορ-

195 3327 247 3392 fido
259 3325 379 3400 respicit
394 3325 540 3402 Aristoph.
554 3326 673 3383 Tbesm.
694 3344 780 3399 1042.
802 3326 852 3383 ubi
866 3326 958 3383 schol.
973 3329 1105 3383 καὶτοῦτο
1119 3328 1149 3398 ἐξ
1160 3325 1300 3399 Ἀνδρομέ-

196 3425 253 3482 δας.
275 3434 308 3480 ut
322 3423 444 3481 omnino
458 3424 488 3481 in
504 3435 567 3481 toto
586 3425 637 3481 illo
656 3424 773 3483 cantico
792 3445 809 3481 α
827 3444 855 3480 v.
869 3440 955 3499 1015.
985 3422 1186 3481 Mnesilochus
1211 3422 1300 3480 modo

198 3540 232 3578 ex
247 3540 309 3586 sua,
325 3520 412 3578 modo
427 3540 461 3578 ex
476 3521 670 3579 Andromedae
684 3522 967 3598 personaloquitur:
988 3540 1058 3578 nam
1068 3540 1097 3577 v.
1110 3539 1196 3578 1010.
1211 3521 1300 3578 Mne-

196 3619 335 3683 silochus,
349 3618 436 3692 Ἀνὴρ,
451 3618 556 3693 inquit,
571 3621 651 3675 ἔοικεν
664 3622 695 3674 αὖ
712 3621 868 3693 προδώσειν,
883 3621 952 3674 α’λλό
965 3642 1009 3690 μοι
1026 3623 1133 3690 Σημεῖον
1147 3619 1300 3690 ίνπεδίηλωσε

197 3717 315 3790 Περσεὺς
328 3717 469 3789 έκδραμὰν,
480 3714 542 3770 ’Ὅτι
555 3717 595 3770 δεῖ
607 3739 639 3786 με
653 3716 770 3789 γίγνεσθ’
780 3715 961 3788 Ἀνδρομέδαν,
974 3715 1025 3771 ubi
1038 3714 1128 3772 schol.
1137 3714 1193 3769 ἀντὶ
1204 3719 1252 3769 τοῦ
1266 3715 1301 3772 ὡς

196 3813 324 3887 Περσεύς.
337 3815 459 3878 πιθανῶς,
472 3814 667 3868 συνδεδίδακται
682 3815 733 3887 γὰρ
742 3817 773 3881 τῇ
782 3812 886 3882 Ἑλένη.
916 3811 975 3869 Sed
990 3812 1021 3867 in
1036 3812 1071 3868 iis
1085 3811 1301 3886 Aristophaneo

197 3929 263 3967 cum
278 3909 442 3985 Euripideis
453 3910 495 3967 ita
506 3909 664 3967 commixto
672 3921 750 3975 sunt,
767 3921 799 3966 ut
809 3909 887 3965 inter
897 3928 928 3965 se
938 3908 985 3964 vix
995 3908 1125 3986 dignosci
1137 3920 1301 3983 queant.-

197 4006 296 4065 Schol.
311 4007 348 4065 nd
361 4008 500 4080 Av.424.
534 4011 571 4063 Τὰ
583 4009 646 4077 τῇδε
659 4010 701 4063 καὶ
713 4010 744 4063 τδ
758 4006 822 4062 κεῖσ’
838 4011 893 4063 ἔτιε
917 4011 996 4081 ἤγουν
1010 4009 1056 4062 τὰν
1070 4009 1179 4079 οὐρανὸν
1199 4009 1240 4061 καὶ
1253 4008 1301 4076 τὴν

195 4109 254 4178 γῆν.
276 4109 353 4160 τοῦτο
367 4105 396 4159 έκ
404 4109 457 4158 τῶν
469 4107 574 4175 μηδέπω
596 4106 769 4177 διδαχθεισῶν
787 4110 936 4160 Φοινισσῶν
946 4106 1015 4176 φησι
1030 4106 1071 4158 καὶ
1084 4107 1115 4158 τὰ
1129 4107 1199 4158 κεῖσε
1213 4105 1254 4158 καὶ
1268 4106 1299 4157 τὰ

195 4202 280 4274 δεῦρο.
300 4200 383 4255 ἐκεῖσε
394 4203 435 4254 καὶ
448 4202 478 4253 τὸ
487 4201 563 4274 δεῦρο
575 4211 619 4258 cst
629 4200 660 4258 in
671 4200 770 4257 Phoen.
783 4218 818 4275 3¹
824 4216 852 4276 5.
868 4219 923 4258 nec
932 4200 1051 4258 videtur
1062 4219 1096 4258 ex
1108 4199 1299 4257 Andromeda

196 4298 308 4357 citari.''
337 4297 497 4354 Μκτταια.
