2844 4882
494 291 840 351 ΑΠΟΣΠΑΣΜΑΤΙΑ.

166 543 300 602 Stobaeus
313 543 432 601 ibidem.
659 476 698 519 10

209 636 289 719 Ἐγὼ
305 639 409 716 νομίζω
424 640 512 720 πατρὶ
527 640 675 722 φίλτατον
686 639 804 720 τέκνον,

209 740 314 803 παισίν
328 765 362 803 τε
377 741 443 808 τοὺς
456 742 606 815 τεκόντας,
622 743 690 806 οὐδὲ
704 743 878 827 συμμάχους

210 843 321 910 ἄλλους
334 842 477 924 γενέσθαι
492 842 563 925 φήμ’
579 841 617 908 όν
633 845 847 927 ἓνδικωτόρους.

166 1048 301 1107 Stobaeus
316 1049 363 1123 84.
373 1070 401 1127 p.
416 1068 487 1127 492.
655 986 690 1028 11

209 1148 262 1212 Εῖς
276 1148 298 1208 δ’
313 1145 467 1227 εὐγένειαν
482 1144 559 1228 ὀλίγ’
577 1145 636 1230 ἔχω
652 1146 767 1228 φράσαι
783 1149 870 1213 καλά·

209 1251 225 1312 ό
239 1250 295 1329 μὲν
310 1252 368 1330 γὰρ
384 1248 493 1315 ἐσθλὸς
507 1249 629 1331 εὐγενὴς
643 1248 736 1331 ἔμοιγ’
749 1251 833 1333 ἀνὴρ,

208 1354 225 1415 ό
240 1353 266 1414 δ’
280 1353 314 1415 οὐ
329 1353 448 1424 δίκαιος,
466 1348 520 1415 κάν
535 1352 691 1430 ἀμείνονος
704 1353 816 1434 πατρὸς

209 1453 303 1534 Ζηνὸς
318 1455 444 1536 πεφύκῃ,
461 1453 606 1535 δυσγενὴς
621 1452 697 1517 εῖναι
712 1459 801 1519 δοκεῖ.

163 1677 399 1752 Stobaeus91.p.
415 1691 483 1751 507.
497 1693 546 1753 92.
562 1695 592 1752 p.
605 1606 694 1751 5111.2

207 1771 260 1851 Μή
273 1773 327 1850 μοί
338 1770 402 1835 ποτ’
420 1773 464 1850 εἴη
479 1769 637 1854 χρημάτων
652 1769 800 1858 νικωμένῳ

208 1878 284 1961 κακῷ
299 1873 452 1956 γενέσθαι,
466 1871 531 1953 μηδ’
547 1875 684 1953 όμιλοίην
700 1880 808 1942 κακοῖς.

161 2099 295 2157 Stobaeus
309 2114 357 2172 37.
372 2117 400 2174 p.
415 2096 480 2154 226.
656 2029 691 2093 13

207 2197 245 2258 Εῖ
256 2193 279 2257 δ’
295 2194 375 2273 ἦσθα
386 2193 426 2272 μὴ
442 2192 587 2266 κόκιστος,
605 2190 703 2256 οὔποτ’
720 2189 758 2256 ἂν
772 2195 863 2256 πόλιν

206 2295 260 2374 τὴν
274 2295 331 2373 σὴν
346 2296 451 2370 ἀτίζων
464 2293 543 2374 τήνδ’
559 2293 597 2360 ἃν
613 2296 747 2376 εὐλόγεις
760 2295 884 2376 πάτραν.

652 2452 692 2512 Ῑ4

161 2520 293 2578 Stobaeus
307 2519 425 2578 ibidem.

204 2614 261 2682 Ὡς
276 2614 309 2679 ἔν
323 2613 351 2696 γ’
368 2614 434 2694 ἐμοὶ
448 2612 565 2696 κρίνοιτ’
582 2613 620 2678 ἀν
636 2617 671 2678 οὐ
686 2622 782 2683 καλῶς
796 2622 921 2698 φρονεῖν

206 2719 288 2784 ὅστις
301 2714 437 2804 πατρφας
451 2720 504 2798 γῆς
520 2716 664 2796 ἀτιμόζων
679 2719 764 2798 όρους

206 2820 304 2899 ἄλλην
319 2821 437 2883 ἐπαινεῖ
449 2819 496 2883 καῖ
511 2821 664 2900 τρόποισιν
678 2820 790 2898 ἥδεται.

648 2956 686 3023 ¹5

159 3024 293 3084 Stobaeus
309 3025 358 3085 88.
372 3045 403 3103 p.
413 3040 481 3100 500.

203 3126 266 3186 Φεῦ
279 3127 347 3205 φεῦ,
365 3121 493 3190 παλαιὸς
507 3122 588 3188 αἶνος
603 3123 641 3189 ὡς
656 3128 752 3191 καλῶς
767 3123 840 3207 ἔχει·

202 3225 254 3288 οὐκ
269 3222 307 3288 ἀν
320 3224 439 3307 γένοιτο
453 3225 581 3308 χρηστός
597 3228 630 3289 ἐκ
646 3231 735 3290 κακοῦ
749 3229 867 3309 πατρός.

156 3463 291 3521 Stobaeus
306 3482 374 3537 104.
387 3484 415 3541 p.
428 3465 495 3539 565.
650 3378 686 3440 ¹6

200 3564 336 3626 Πολλοῖς
349 3558 501 3640 παρέστην
517 3561 693 3642 κάφθόνησα
707 3561 742 3639 δὴ
755 3567 874 3642 βροτιῖν

201 3663 284 3729 ὅστις
299 3668 433 3726 κακοῖσιν
449 3661 559 3730 ἐσθλός
574 3661 615 3726 (ἀν
630 3664 730 3742 ὅμοιος
743 3660 773 3742 ᾖ,

200 3762 302 3845 λόγων
315 3766 448 3843 ματαίων
460 3766 501 3831 εἰς
515 3762 647 3843 ἅμιλλαν
662 3767 758 3843 ἐξιόν.

200 3865 234 3927 τὸ
250 3867 277 3929 δ’
291 3865 329 3945 ἦν
344 3867 391 3947 ἀρ’
407 3867 460 3930 οὐκ
476 3867 622 3931 ἀκουστὸν
637 3867 698 3931 οὐδ’
714 3869 909 3951 ἀνασχετὸν.-

204 3972 294 4049 σιγῖιν
311 3970 439 4032 κλύοντα
454 3973 537 4033 δεινὰ
550 3970 622 4051 πρὸς
636 3967 788 4034 κακιόνων.

648 4119 656 4162 ¹
666 4113 683 4174 7

154 4182 288 4241 Stobaeus
298 4184 349 4258 36.
364 4206 393 4262 p.
409 4201 476 4260 217.

199 4279 383 4361 Τυραννικόν
398 4306 426 4345 τι
439 4278 530 4344 πόλλ’
545 4281 723 4345 ἐπίστασθαι
737 4282 851 4364 λέγειν.

623 4405 641 4441 κ
653 4404 669 4443 e
684 4404 704 4459 4
