2850 4898
208 276 273 338 884
653 277 882 338 ΕΥΡΙΠΙΔΟΥ

751 465 769 510 2

249 533 425 610 Hesychius,
441 533 579 607 Ἀγνῖσαιε
610 535 751 598 ἀποθῦσαι,
773 534 917 607 Βουσίριδι.
938 533 989 591 ubi
1011 535 1152 608 Εὐριπίδης
1166 536 1313 596 excidisse

210 644 341 691 censent.

250 847 424 924 Hesychius,
438 846 635 921 Ἀτρεκὴσοσαε
657 779 864 922 άκριβω3σαμένη.
887 851 1025 924 Εὐριπίδης
1039 850 1181 923 Βουσίριδι.

679 1165 838 1225 ΔΑΝΑΗ.

250 1279 352 1338 Pollux
366 1278 419 1347 IV,
434 1296 500 1338 111.
530 1283 587 1336 Τῶν
600 1281 629 1335 δι’
642 1286 753 1354 χορικῶν
766 1279 889 1352 ᾀσμάτων
901 1284 953 1335 τῶν
966 1284 1082 1350 κωμικῶν
1094 1278 1122 1335 ἓν
1134 1301 1160 1333 τι
1174 1280 1216 1334 καῖ
1229 1279 1245 1349 ἦ
1258 1302 1311 1334 πα-

207 1381 330 1451 ράβασις,
345 1377 407 1434 ὅταν
419 1374 436 1433 ά
450 1381 465 1432 ὁ
478 1378 585 1448 ποιητὴς
598 1381 664 1451 πρὸς
673 1381 705 1434 τδ
718 1380 826 1452 θέατρον
838 1378 964 1445 βούλεται
977 1379 1074 1450 λέγειν,
1089 1381 1104 1432 θ
1117 1379 1197 1451 χορὸς
1209 1383 1310 1450 παρελ-

207 1479 260 1533 θῶν
279 1478 345 1550 λέγη
365 1479 454 1531 ταῦτα.
476 1476 591 1533 ἐπιεικῶς
607 1478 636 1531 δὲ
656 1477 720 1532 αύτδ
733 1481 855 1532 ποιοῦσιν
867 1479 893 1531 οῖ
905 1477 1123 1552 κωμηδοποιηταῖ.
1144 1477 1267 1549 τραγικὸν
1281 1478 1330 1545 δὲ,

208 1576 256 1629 ούκ
268 1576 350 1639 ἔστιν,
366 1572 425 1628 ἀλλ’
440 1574 580 1647 Εὐριπίδης
592 1574 656 1630 αὐτὸ
669 1575 807 1644 πεποίηκεν
827 1574 854 1629 ι’ν
871 1578 983 1632 πολλοῖς
1002 1576 1140 1648 δράμασιν.
1169 1575 1198 1629 έν
1217 1576 1265 1646 μέν
1278 1599 1311 1648 γε

207 1673 293 1741 Δανάη
305 1668 436 1745 (codices
448 1668 567 1743 Δαναῖδι)
580 1673 627 1727 τδν
639 1674 720 1745 χορδν
730 1673 776 1730 τὰς
788 1676 907 1746 γυναῖκας
918 1673 982 1746 ὑπὲρ
993 1674 1072 1727 αὐτοῦ
1081 1694 1107 1726 τι
1120 1672 1232 1742 ποιήσας
1241 1695 1308 1746 παρ-

206 1771 295 1837 ιιπιῖν,
320 1769 490 1838 ἐκλαθόμενος
508 1769 542 1825 ὣς
562 1769 655 1841 άνδρας
672 1772 759 1842 λέγειν
776 1771 882 1840 ἐποίησε
902 1775 939 1846 τῷ
959 1770 1074 1842 σχήματι
1094 1773 1140 1840 τῆς
1153 1773 1249 1844 λέξεως
1262 1773 1311 1829 τὰς

204 1869 334 1938 γυναῖκας.

751 2015 763 2056 Ι

247 2079 381 2139 Stobaeus
397 2081 444 2155 76.
457 2100 485 2156 p.
497 2095 566 2156 453.

290 2172 371 2258 Τάχ’
386 2171 424 2238 ἃν
437 2173 511 2256 πρὸς
526 2174 688 2257 ἀγκάλαισι
703 2176 751 2240 καὶ
766 2175 900 2258 στέρνοις
915 2179 995 2257 έμοῖς

292 2281 392 2356 πηδῶν
408 2277 510 2358 ἀθύροι
526 2277 573 2341 καὶ
588 2276 763 2358 φιλημάτων
778 2281 861 2366 ὄχλῳ

291 2379 395 2462 ψυχὴν
411 2379 484 2459 έμῆν
500 2378 649 2459 κτήσαιτο·
680 2385 771 2446 ταῦτα
785 2386 843 2464 γὰρ
857 2388 978 2463 βροτοῖς

292 2486 420 2565 φίλτρον
430 2482 585 2564 μέγιστον,
602 2485 633 2547 αἱ
647 2486 809 2562 ξυνουσίαι,
825 2483 928 2564 πάτερ.

748 2637 766 2681 2

245 2705 379 2765 Stobaeus
390 2706 441 2781 69.
456 2727 486 2783 p.
495 2725 564 2781 429.

292 2803 350 2867 Καὶ
366 2807 420 2867 νῦν
433 2807 566 2884 παραινῶ
580 2807 655 2866 πᾶσι
670 2809 731 2870 τοῖς
743 2804 896 2886 νεωτέροις

288 2906 328 2986 μὴ
342 2906 417 2989 πρὸς
430 2906 464 2969 τδ
479 2909 571 2988 γῆρας
584 2906 652 2973 τοὺς
666 2906 778 2988 γάμους
791 2909 986 2989 ποιουμένους

289 3013 390 3094 σχολῇ
406 3013 582 3073 τεκνοῦσθαι
595 3010 792 3077 παιδος-ού
807 3014 865 3092 γὰρ
878 3013 978 3092 ἡδονὴ,

288 3113 409 3195 γυναικί
420 3113 446 3175 τ’
462 3110 572 3194 ἐχθρὸν
585 3115 685 3195 χρῆμα
699 3114 869 3192 πρεσβύτης
880 3115 998 3195 ἀνηρ-

289 3208 359 3275 άλλ’
376 3211 414 3277 ῶς
428 3209 566 3293 τάχιστα·
591 3213 638 3275 καὶ
652 3214 710 3293 γδρ
726 3213 868 3294 έκτροφαὶ
883 3216 971 3278 καλαὶ

291 3313 339 3376 καὶ
354 3312 523 3387 συννεάζων
537 3313 591 3393 ἡδὺ
604 3319 673 3381 παῖς
688 3312 746 3399 νέῳ
760 3318 860 3398 πατρί.

244 3534 380 3594 Stobaeus
397 3551 445 3614 73.
460 3556 490 3612 p.
502 3536 571 3610 448.

289 3633 389 3706 Γύναι,
406 3633 500 3713 φίλον
514 3634 571 3711 μὶν
585 3632 701 3715 φέγγος
713 3633 799 3711 ἡλίου
814 3634 891 3707 τάδε,

290 3733 384 3798 καλὸν
400 3736 432 3797 δὲ
446 3736 557 3799 πόντου
572 3733 656 3818 χεῦμ’
673 3737 746 3799 ἰδεῖν
762 3734 916 3815 εὖήνεμον,

288 3840 326 3919 γῆ
341 3833 366 3900 τ’
382 3836 486 3918 ἠρινδν
501 3837 659 3901 θάλλουσα
673 3835 822 3902 πλούσιόν
836 3837 863 3902 θ’
878 3841 964 3919 ὕδωρ,

287 3944 412 4003 πολλῶν
426 3939 451 4003 τ’
469 3939 593 4004 ἔπαινον
608 3940 677 4004 ἔστί
689 3965 739 4019 μοι
753 3939 838 4019 λέξαι
854 3946 963 4004 καλῶν

287 4040 357 4106 ἀλλ’
373 4042 461 4106 οὐδὲν
475 4045 550 4107 οὕτω
564 4041 703 4124 λαμπρὸν
718 4040 777 4107 οὐδ’
795 4045 868 4107 ἰδεῖν
883 4043 986 4117 καλὸν,

288 4143 326 4209 ῶς
340 4148 401 4214 τοῖς
416 4139 522 4206 ἄταισι
538 4145 586 4207 καὶ
599 4144 682 4229 πόθῳ
698 4142 886 4225 δεδηγμένοις

287 4247 401 4310 παίδων
416 4251 550 4327 νεογνῶν
566 4249 600 4310 ἐν
614 4248 714 4326 δόμοις
729 4248 802 4312 ἰδεῖν
817 4245 904 4328 φάος.
