2850 4898
163 263 227 330 860
625 273 854 333 ΕΥΡΙΠΙΔΟΥ

696 452 714 497 2

204 519 339 577 Stobaeus
353 536 402 594 93.
418 539 448 595 p.
462 520 532 594 561.
715 453 735 518 3

247 612 287 678 ‘0
297 616 353 694 μὲν
368 615 473 693 ὄλβιος
487 613 534 693 ἦν,
550 613 604 678 τὸν
618 613 642 678 δ’
659 614 834 698 ἀπέκρυψεν

249 718 324 783 θεός·
350 718 383 780 ἔκ
398 718 504 781 κείνων
518 721 576 779 τῶν
590 719 663 781 ποτὶ
685 723 831 799 λαμπρῶν

249 819 328 882 νεύει
341 818 453 897 βίοτος,
469 819 549 883 νεύει
563 821 596 883 δέ
610 821 688 903 τύχα

248 923 322 984 κατὰ
336 919 439 1001 πνεῦμ’
456 920 583 1000 ἀνέμων.

694 1058 735 1120 24

202 1125 335 1184 Stobaeus
351 1144 415 1202 ¹03·
430 1147 459 1202 p.
470 1127 540 1201 562.

246 1223 310 1286 Ούκ
326 1221 409 1286 ἔστιν
424 1223 507 1289 ὅστις
523 1223 647 1306 εὐτυχὴς
662 1223 720 1306 έφυ
734 1229 853 1305 βροτῶν

202 1548 335 1607 Stobaeus
354 1565 420 1604 112.
435 1567 464 1623 p.
479 1545 544 1622 183.
694 1479 733 1546 25

247 1643 456 1726 Συνύλγησον·
486 1643 525 1709 ὣς
540 1645 556 1706 ὁ
572 1643 691 1723 κάμνων

246 1746 378 1826 δακρύων
391 1744 534 1824 μεταδοὺς

246 1849 310 1932 ἔχει
326 1849 492 1930 κουφότητα
506 1849 638 1931 μόχθων.

694 1982 734 2044 26

200 2065 336 2125 Stobaeus
351 2085 416 2126 122.
432 2087 460 2143 p.
474 2068 544 2142 613.

246 2189 276 2226 α.
298 2163 342 2226 Τὸ
357 2167 409 2241 ζῆν
424 2161 553 2245 ἀφέντες
566 2162 600 2225 τὸ
616 2166 690 2227 κατὰ
704 2167 762 2246 γῆν
772 2167 881 2244 τιμῶσί
893 2192 960 2230 σου.

245 2273 279 2345 β.
303 2269 389 2330 κενόν
404 2265 442 2348 γ’·
474 2268 547 2330 ὅταν
562 2270 619 2348 γὰρ
633 2270 667 2347 ζῇ
681 2293 733 2342 τις,
751 2269 879 2352 εὐτυχεῖ,
896 2268 1008 2349 Κρέων.

201 2500 521 2576 δυνωυετςοιςι·
687 2427 724 2493 2⁷

245 2594 326 2678 Ἐγὼ
342 2598 374 2659 δὲ
389 2600 495 2662 παῖδας
509 2595 562 2659 ούκ
577 2597 616 2658 έῶ
631 2597 735 2662 νόθους
748 2601 869 2675 λαβεῖν·

245 2704 304 2761 τῶν
318 2701 450 2780 γνησίων
465 2701 523 2781 γὰρ
537 2696 623 2763 οὐδὲν
638 2699 722 2764 ὄντες
737 2699 847 2764 ἐνδεεῖς

245 2802 325 2887 νόμῳ
341 2805 494 2865 νοσοῦσιν·
521 2803 539 2864 ὅ
553 2826 590 2865 σε
605 2799 798 2883 φυλάξασθαι
813 2797 922 2883 χρεύν.

688 2936 726 3000 28

201 3023 335 3083 Stobaeus
348 3042 399 3099 34.
414 3045 444 3101 p.
459 3038 525 3100 215.

247 3123 354 3204 Σιγᾷς;
379 3120 475 3199 σιωπὴ
490 3121 514 3183 δ’
526 3120 636 3199 ἄπορος
652 3117 791 3198 ἑρμηνεὺς
803 3119 914 3199 λύγων.

692 3283 731 3346 29

201 3351 335 3410 Stobaeus
349 3353 404 3410 ecl.
420 3353 503 3429 phys.
517 3352 575 3410 vol.
586 3352 609 3408 1.
621 3371 649 3426 p.
663 3351 728 3409 118.
755 3353 844 3411 Heer.

244 3446 308 3526 Τήν
323 3473 369 3511 τοι
385 3449 479 3527 Δίκην
493 3446 619 3528 λέγουσι
634 3448 713 3511 παῖδ’
728 3447 805 3511 εἶναι
821 3448 894 3515 Διὸς

245 3550 335 3631 ε’γγύς
348 3575 381 3613 τε
397 3552 491 3613 ναίειν
506 3553 556 3628 τῆς
570 3556 688 3631 βροτῶν
703 3552 851 3631 τιμωρίας.

199 3673 234 3730 In
247 3672 328 3729 libris
343 3690 377 3728 ex
392 3671 490 3747 Eurip.
503 3671 711 3730 Andromacha
723 3673 848 3748 petitum
864 3691 926 3730 esse
941 3672 1056 3731 dicitur.

197 3889 357 3946 Athenaeus
369 3888 423 3947 XI.
439 3908 466 3964 p.
477 3905 536 3963 477
552 3909 578 3946 a.
603 3821 775 3946 Eustaiffius
789 3908 819 3964 p.
837 3887 922 3960 1632,
936 3905 965 3961 9.
991 3887 1124 3947 Macrob.
1140 3887 1263 3949 Saturn.

157 3986 195 4053 V.
209 4005 257 4044 Ἡ.
502 4070 568 4132 ssas
583 4067 615 4129 δὲ
630 4064 779 4145 ποιμένων
794 4063 874 4144 ἔρρει
890 4063 975 4136 λεὼς,

242 4170 258 4230 ὁ
273 4169 329 4246 μὲν
344 4167 493 4249 γάλακτος
509 4170 645 4231 κίσσινον
660 4166 760 4248 φέρων
776 4168 891 4248 σκύφος

241 4266 341 4334 πόνων
357 4267 549 4350 ἀναφυκτῆρ’,
566 4267 622 4332 ὁδ’
638 4268 780 4348 ἀμπέλων
795 4268 894 4351 γόνος.
