2850 4898
166 301 233 366 932
616 303 844 363 ΕΥΡΙΠΙΔΟΥ

212 574 347 632 Stobaeus
361 573 425 631 Ecl.
440 574 508 632 Eth.
521 575 579 632 vol.
591 575 633 632 ΙΙ.
644 595 673 651 p.
686 490 756 650 336.

256 670 320 734 Οὐκ
335 670 400 734 ἔστι
414 674 452 734 τὰ
466 675 543 734 θεῶν
557 669 641 744 ἄδικ’,
659 672 693 735 ἐν
708 672 889 754 ἀνθρώποισι
903 674 937 736 δὲ

257 777 355 839 κακοῖς
369 776 517 836 νοσοῦντα
532 773 682 855 σύγχυσιν
695 773 815 852 πολλὴν
830 774 904 856 ἔχει.

211 1019 343 1078 Stobaeus
357 1036 387 1093 3.
402 1039 431 1095 p.
444 1035 492 1093 37.
514 1019 670 1077 scholiasta
683 936 800 1078 Pissdari
814 1021 899 1098 Pyth.
913 1040 940 1088 2,
957 1039 1024 1099 173.

256 1115 338 1197 Πρὸς
353 1114 459 1197 κέντρα
472 1115 513 1195 μὴ
526 1114 644 1191 λάκτιζε
658 1122 719 1183 τοῖς
734 1120 877 1198 κρατοΰσί
889 1143 958 1182 σον.

210 1339 343 1397 Stobaeus
357 1354 408 1412 47.
422 1357 452 1413 p.
468 1355 538 1413 343.
704 1268 725 1334 5

254 1434 299 1498 Τὸ
315 1434 341 1496 δ’
356 1432 487 1515 ἔσχατον
502 1432 538 1511 δὴ
552 1436 638 1496 τοῦτο
655 1433 827 1512 θαυμαστὸν
842 1441 974 1516 βροτοῖς,

255 1537 399 1616 τυραννίς·
423 1534 479 1616 οὐχ
494 1535 589 1615 εὕροις
603 1531 641 1597 άν
656 1536 847 1616 άθλιάτερον.

256 1639 363 1719 φίλους
377 1661 410 1700 τε
430 1640 553 1717 πορθεῖν
568 1638 617 1700 καὶ
632 1643 824 1702 κατακτανεῖν
837 1641 946 1721 χρεόν·

255 1745 397 1806 πλεῖστος
410 1741 509 1821 φόβος
523 1737 668 1822 πρόσεστι
681 1740 721 1820 μὴ
736 1740 872 1822 δράσωσί
884 1766 922 1805 τι.

212 1969 346 2030 Stobaeus
362 1989 409 2046 72.
422 1992 451 2049 p.
464 1991 533 2045 440.
709 1887 728 1945 ⁶

257 2070 348 2130 Αἰνῶ·
372 2067 485 2147 διδάξαι
499 2066 535 2144 δ’,
547 2066 570 2130 ὦ
584 2067 699 2137 τέκνον,
715 2069 752 2130 σέ
766 2068 927 2148 βούλομαι,

257 2170 330 2232 όταν
343 2171 399 2248 μὲν
413 2166 448 2249 ᾖς
461 2174 539 2244 τοῖς,
554 2169 595 2249 μὴ
609 2168 704 2234 πλέον
719 2169 821 2237 παιδὸς
835 2174 971 2251 φρονεῖν,

259 2274 293 2336 ἐν
306 2272 465 2353 παρθένοις
479 2274 511 2336 δὲ
526 2271 675 2353 παρθένου
689 2273 815 2354 τρόπους
829 2272 921 2354 ἔχειν,

257 2376 331 2438 ὅταν
344 2373 368 2437 δ’
383 2373 431 2438 ὑπ’
447 2372 553 2454 ἀνδρὸς
566 2379 699 2457 χλαῖναν
713 2374 851 2455 εὐγενοῦς
864 2372 969 2452 πέσῃς,

314 2495 332 2532 *
434 2494 451 2531 *
553 2495 570 2527 l
673 2493 690 2530 *
793 2495 810 2525 ἃ
912 2492 932 2527 *

257 2577 295 2637 w)
310 2575 335 2637 δ’
347 2572 415 2637 ἄλλ’
431 2574 553 2654 άφεῖναι
566 2569 751 2655 μηχανήματ’
767 2571 921 2653 άνδράσιν.

214 2787 448 2863 Stobaeus90.p.
461 2801 528 2861 505.
711 2713 728 2780 7

257 2881 372 2964 Ὀρῶσι
387 2882 412 2944 δ’
430 2883 458 2943 οἱ
473 2881 602 2947 διδόντες
617 2882 659 2946 εἰς
673 2883 710 2943 τὸ
724 2880 870 2962 χρήματα.

213 3106 348 3163 AElianus
358 3106 397 3161 N.
408 3106 445 3161 A.
457 3104 528 3173 VII,
540 3120 588 3179 47.
610 3110 666 3159 Τῶν
681 3015 886 3179 ὖσῗρῖχοιν-τὰ
900 3107 992 3180 ἔκγονα
1005 3105 1081 3179 όβρια
1095 3109 1219 3162 καλεῖται·
1234 3108 1276 3161 καῖ

173 3204 296 3272 μέμνηται
309 3200 605 3272 ΕὖριπῖδηςένΠελιάσι
618 3204 665 3255 τοῦ
674 3200 808 3270 ὀνόματος,
823 3202 863 3255 καὶ
874 3201 1008 3274 Αἶσχθλος
1017 3203 1044 3258 ἐν
1052 3201 1224 3275 Ἀγαμέμνονι
1234 3204 1277 3257 καὶ

175 3299 365 3352 Δικτοουλκοῑς.
397 3303 416 3327 “
429 3294 475 3353 Ad
495 3294 634 3352 indicium
648 3296 781 3372 AEschyli
795 3297 881 3354 scribi
895 3297 980 3357 facile
993 3309 1129 3375 potuerat
1147 3298 1276 3371 ὀβρίκολο

175 3375 298 3450 κολεῖτάι.
334 3392 468 3463 Αῖσχόλος
491 3393 618 3465 ὀβρίκολο
642 3396 717 3448 καλεῖ
737 3394 799 3451 τοὺς
820 3396 961 3453 λεοντιδεῖς
986 3395 1119 3453 Eustath.
1138 3395 1169 3452 in
1192 3395 1227 3453 Il.
1246 3420 1274 3469 γ.

175 3508 204 3564 p.
218 3488 302 3547 288.”
315 3488 457 3545 Valcken.
465 3490 558 3546 Βίοις.
571 3509 599 3566 p.
612 3507 679 3547 200.

215 3720 346 3777 Joannes
366 3721 500 3777 Damaso.
519 3719 550 3777 in
573 3718 662 3778 Gaisf.
684 3637 810 3797 ap9pend.
825 3720 862 3779 ad
877 3719 1026 3779 Stobaeum
1042 3723 1101 3780 vol.
1116 3723 1169 3780 IV.
1185 3742 1214 3799 p.
1230 3741 1275 3781 ιι.

176 3816 317 3887 Εὐριπίδου
324 3819 437 3872 Πελιάσι

263 3919 401 4000 Φθείρον
425 3918 459 3983 τὸ
474 3922 532 4001 γὰρ
547 3924 619 4001 δρᾶν
633 3919 686 3982 οὐκ
700 3919 779 4003 ἔχων
793 3921 903 4001 λόγους
918 3920 1007 4004 ἔχεις.

219 4152 330 4211 Ibidem
345 4172 375 4228 p.
390 4171 437 4210 20.
457 4164 488 4211 et
501 4173 529 4229 p.
541 4171 589 4226 33.
710 4085 749 4128 10

263 4246 302 4310 ‘0
318 4250 376 4329 γὰρ
389 4248 493 4325 ξυνὼν,
511 4248 597 4314 κακὸς
610 4249 666 4327 μὲν
680 4245 717 4326 ἣν
731 4249 805 4331 τθχῃ
819 4250 925 4329 γεγὼς,
