2850 4898
203 283 269 351 972
649 284 894 364 srpmmor

203 456 284 513 Duos
305 455 416 531 priores
436 472 537 512 versus
560 455 632 512 citat
652 455 798 513 Plutsrsh.
819 455 924 513 Morsl.
938 476 967 532 p.
981 457 1038 514 601
1056 477 1082 516 α.
1103 478 1133 535 ρ.
1151 459 1208 532 780
1224 458 1253 517 d.
1274 478 1305 535 p.

204 571 264 630 9¹9
279 553 307 611 b.
330 553 425 610 crem.
437 552 521 609 Alex.
538 552 654 610 admon.
669 572 698 629 p.
718 568 751 628 15
768 553 798 611 d.
819 553 921 611 Tertio
941 555 1034 612 utitur
1053 556 1176 615 Lucisn.
1191 557 1307 632 Philop.

202 654 237 713 T.
254 654 305 711 IX.
320 673 348 730 p.
366 651 432 725 248.

742 776 760 822 2

244 870 415 928 Plutarchus
433 870 540 928 Morsl.
555 888 584 945 p.
600 883 659 944 549
680 889 706 926 a.
738 869 872 928 Stohaeus
891 869 953 928 Ecl.
974 871 1060 947 Phys.
1075 871 1133 929 voh
1148 871 1172 928 Ι.
1187 889 1217 946 p.
1237 889 1305 945 114,

206 984 252 1024 21.

289 1063 381 1126 Οὔτοι
395 1059 595 1143 προσελθοῦσ’
610 1061 629 1140 ἡ
645 1061 721 1140 Δίκη
736 1062 856 1142 σε-μὴ
870 1062 1019 1144 τρέοης-

288 1166 390 1228 παίσει
404 1162 476 1243 πρὸς
489 1162 577 1243 ἧπαρ,
594 1164 662 1226 οὐδὲ
676 1169 736 1226 τῶν
751 1165 854 1228 ἄλλων
867 1171 986 1247 βροτῶν

288 1267 341 1331 τὸν
357 1269 468 1342 ἄδικον,
485 1267 566 1329 ἀλλὰ
580 1272 653 1348 σῖγα
669 1268 717 1330 καὶ
730 1272 840 1347 βραδεῖ
850 1269 918 1331 ποδὶ

288 1372 452 1453 στείχουσα
465 1368 580 1450 μόρψει
594 1369 662 1435 τοὺς
677 1369 790 1441 κακοὺς,
807 1371 880 1434 ὅταν
894 1371 978 1452 τύχη.

243 1620 376 1679 Stobaeus
391 1619 455 1677 Ecl.
470 1620 556 1697 Phys.
572 1621 630 1679 vol.
646 1620 669 1677 1.
684 1641 713 1697 p.
731 1525 795 1690 1326,
811 1640 860 1694 40.

288 1714 505 1797 Συγγνόμονός
519 1741 565 1778 τοι
579 1715 646 1782 τοὺς
661 1716 745 1782 θεοὺς
760 1716 836 1780 εῖναι
851 1721 955 1793 δοκεῖς,

287 1818 360 1880 ὅταν
374 1843 417 1883 τις
431 1818 507 1901 ὅρκῳ
523 1816 652 1880 θόνατον
668 1819 810 1899 ἐκφυγεῖν
826 1817 910 1897 θέλη,

286 1917 304 2000 ἢ
320 1919 431 1998 δεσμὸν
444 1915 463 1997 ἢ
476 1921 563 1999 βίαια
577 1921 728 2000 πολεμίων
743 1923 827 1994 κακδ,

285 2020 304 2103 ἢ
319 2023 423 2086 παισὶν
438 2020 610 2085 αὐθένταισι
627 2026 751 2102 κοινωνῇ
768 2024 874 2102 δόμων.

286 2125 394 2205 ἦτὸρα
409 2129 523 2203 θνητῶν
539 2127 616 2187 εἰσιν
631 2125 855 2206 ἀσυνετώτεροι,

288 2229 314 2290 εῖ
327 2228 460 2305 τάπιεικῆ
475 2226 607 2305 πρόσθεν
621 2225 762 2306 ἡγοῦνται
777 2227 865 2304 δίκης.

199 2341 271 2398 Tres
285 2341 397 2416 priores
410 2357 512 2396 versus
526 2349 595 2396 sunt
609 2338 686 2414 apud
701 2337 853 2395 Stobaeum
867 2338 962 2397 Floril.
982 2341 1028 2397 28.
1041 2361 1070 2418 p.
1090 2343 1154 2419 196.

241 2574 376 2633 Stohaeus
390 2572 454 2630 Ecl.
469 2573 554 2648 Phys.
568 2573 627 2629 vol.
642 2573 666 2629 Ι.
682 2592 712 2647 p.
730 2489 797 2629 2468.
818 2573 978 2632 Athenaeus
992 2575 1076 2632 XIII.
1090 2595 1119 2652 p.
1134 2590 1195 2651 599
1209 2575 1230 2633 f.

286 2669 351 2749 Τὴν
364 2666 545 2749 Ἀφροδίτην
559 2667 616 2750 οὐχ
630 2670 701 2750 δρᾷς
715 2669 772 2747 ὅση
788 2670 872 2741 θεός;

286 2771 323 2851 ἣν
338 2768 397 2834 οὐδ’
413 2770 451 2834 δν
467 2773 558 2835 εἴποις
573 2769 640 2833 οὐδὲ
654 2769 830 2851 μετρήσειας
844 2770 882 2834 δν

287 2876 344 2954 ὅση
359 2872 473 2953 πέφυκε
489 2870 557 2953 κάφ’
574 2872 648 2935 ὅσον
664 2872 820 2954 διέρχεται.

287 2978 358 3054 αὕτη
374 2973 477 3056 τρέφει
492 2976 529 3036 σὲ
545 2975 618 3052 κάμὲ
636 2975 683 3037 καὶ
697 2973 810 3041 πάντας
822 2976 959 3054 βροτούς.

285 3077 440 3157 τεκμήριον
455 3079 487 3138 δὲ
500 3076 541 3155 μὴ
555 3077 637 3161 λόγῳ
651 3077 745 3155 μόνον
762 3074 865 3155 μάθῃς,

287 3180 364 3264 έργιρ
380 3180 412 3240 δέ
427 3179 511 3256 δείξω
526 3178 559 3240 τδ
575 3178 683 3244 σθένος
697 3177 730 3239 τὸ
747 3181 799 3240 τοῦ
813 3181 894 3241 θεοῦ·

288 3284 341 3364 ἐρᾷ
354 3282 410 3359 μὲν
425 3281 539 3360 ὄμβρου
554 3278 633 3360 γαῖ’,
649 3279 723 3340 ὅταν
737 3278 825 3359 ξηρὸν
840 3277 932 3342 πέδον

287 3384 419 3464 ἄκαρπον
435 3383 536 3466 αὐχμῷ
553 3383 666 3446 νοτίδος
681 3382 786 3447 ένδεῶς
802 3381 866 3464 ἔχη,
920 3454 923 3459 p

288 3488 341 3568 ἐρᾷ
356 3483 380 3547 δ’
397 3485 413 3547 ὅ
428 3483 537 3562 σεμνὸς
551 3482 674 3564 οὐρανὸς
689 3485 891 3563 πληρούμενος

287 3589 402 3668 ὄμβρου
416 3592 523 3648 πεσεῖν
538 3589 579 3652 είς
593 3591 683 3666 γαῖαν
696 3586 873 3667 Ἀφροδίτης
887 3588 972 3649 vitto.¹

287 3692 360 3753 ὅταν
375 3690 407 3751 δὲ
423 3692 625 3771 συμμιχθῆτον
641 3690 682 3754 εἰς
696 3687 805 3750 ταυτὸν
820 3689 881 3760 δύο,

287 3793 436 3856 τίκτουσιν
450 3791 519 3869 ἡμῖν
534 3790 631 3853 πάντα
644 3789 839 3872 κόκτρέφουσ’
854 3787 924 3869 ἅμα,
966 3776 969 3784 ’

287 3897 358 3958 ὅθεν
371 3895 511 3974 βρότειον
525 3897 557 3972 (p
573 3918 605 3956 τε
622 3893 669 3955 καὶ
685 3892 792 3955 θόλλει
806 3891 901 3974 γένος.

201 4017 347 4093 Euripidis
360 4016 459 4072 locum
474 4033 537 4071 esse
549 4025 694 4072 testantur
704 4014 812 4071 Athen.
829 4014 947 4071 Aristot.
962 4012 1031 4070 Eth.
1043 4014 1160 4071 Nicom.
1173 4013 1256 4080 VIII,
1275 4033 1300 4080 1,

201 4117 230 4173 6.
261 4115 362 4190 Magn.
377 4111 485 4169 Moral.
500 4110 539 4176 ΙΙ,
559 4128 603 4168 11.
636 4109 782 4167 Plutarch.
799 4109 905 4165 Moral.
920 4128 947 4184 p.
965 4109 1022 4184 756
1038 4129 1064 4167 e.
1090 4111 1184 4187 prImo
1203 4111 1301 4168 versui

202 4213 301 4271 statim
316 4210 433 4287 suincit
446 4210 598 4285 Hippolyti
612 4227 714 4265 versus
727 4225 788 4282 449
802 4227 844 4283 sq.
866 4207 904 4264 V.
913 4225 939 4281 3.
949 4219 994 4264 est
1007 4207 1085 4283 apud
1100 4209 1175 4266 Plut.
1191 4209 1299 4266 Moral.

201 4331 229 4386 p.
244 4327 302 4384 442
326 4328 351 4367 c.
373 4308 410 4365 V.
427 4323 454 4381 7.
469 4327 534 4383 sqq.
555 4308 716 4365 efferuntur
736 4307 773 4363 ab
786 4306 907 4363 Aristot.
924 4305 990 4363 Eth.
1006 4305 1074 4363 Nic.
1095 4325 1117 4363 1.
1133 4325 1159 4364 c.
1174 4306 1299 4365 Eudem.
