2850 4898
184 272 270 338 1006
662 273 814 336 NOTAE.

184 444 300 533 quibus
314 443 455 508 versibus
469 442 663 525 ἀντίστροφοι
677 440 867 528 respondent

356 544 504 624 πλάνητες
518 544 564 606 ἐπ’
579 542 666 622 οἶδμα
680 545 783 610 πόλεις
796 568 830 606 τε
843 541 1017 624 βαρβάρους
1030 547 1179 625 περιῦντες

357 650 439 730 κειυᾷ
454 648 534 731 δόξα.

357 751 461 833 γνιύμα
477 748 500 811 δ’
517 750 560 815 οἶς
575 775 600 811 κ.
612 772 638 811 τ.
651 749 676 810 έ.

187 852 239 917 Ibi
253 852 294 917 ab
311 851 461 916 Elmsleio
475 852 602 914 demum
618 864 665 913 est
679 863 877 937 perspectum
893 850 960 914 vitii
979 849 1083 914 sedem
1101 873 1164 915 non
1178 849 1210 913 in
1228 873 1289 914 an·

186 953 350 1040 tistropho,
364 954 456 1041 cujus
471 968 503 1017 et
521 951 675 1038 scriptura
694 965 726 1015 et
747 965 883 1016 metrum
906 975 1013 1017 omnes
1035 952 1130 1017 habet
1147 952 1290 1018 veritatis

185 1078 342 1131 numeros,
358 1055 413 1120 sed
427 1055 458 1120 in
475 1054 603 1143 stropha
616 1076 682 1117 esse
696 1054 912 1139 quaerendam,
924 1054 978 1118 ubi
994 1070 1026 1119 et
1041 1057 1131 1136 κούρα
1142 1054 1208 1119 sine
1223 1056 1290 1144 epi-

186 1159 273 1224 theto
283 1160 393 1247 jejune
407 1158 526 1222 dictum
542 1156 705 1244 displicere
716 1156 839 1221 dudum
851 1155 986 1220 debebat
996 1172 1029 1221 et
1039 1156 1212 1245 perniciosa
1223 1181 1290 1222 me-

187 1279 236 1328 tro
250 1285 311 1326 vox
328 1261 477 1343 διατίγγει
491 1284 529 1324 eo
547 1259 647 1346 magis
667 1273 789 1346 poterat
808 1257 978 1337 emendari,
993 1259 1081 1347 quod
1097 1259 1220 1324 nullum
1237 1285 1290 1327 us-

186 1387 281 1452 quam
303 1364 400 1451 hujus
414 1362 501 1428 verbi
523 1361 702 1449 exemplum
721 1377 880 1448 repertum
899 1375 957 1440 est,
977 1361 1036 1426 nisi
1055 1363 1127 1449 quis
1142 1362 1289 1450 AEsohyli

185 1467 337 1532 librorum
359 1466 543 1552 scripturam
565 1465 598 1529 in
618 1465 722 1528 Persis
735 1487 764 1527 v.
779 1465 854 1550 538.
872 1464 1055 1530 resuscitare
1070 1464 1155 1546 velit,
1170 1469 1220 1530 διδ
1233 1492 1288 1546 μν-

187 1570 305 1638 δαλίοις
323 1569 328 1658 Ι
347 1569 470 1651 δάκρυσι
481 1571 609 1636 κόλπους
627 1567 632 1655 Ι
651 1566 803 1650 τέγγονσ’,
816 1569 927 1651 όλγους
939 1567 1131 1652 μετέχουσαι,
1144 1583 1239 1646 recte,
1252 1583 1291 1635 ut

186 1674 322 1751 videtur,
338 1673 379 1736 ab
394 1674 535 1736 Porsono
548 1671 580 1734 in
598 1670 803 1750 διαμυδαλέοις
817 1684 980 1736 mutatam.
1013 1672 1080 1736 Nec
1095 1683 1200 1736 tamen
1216 1695 1289 1759 per·

186 1777 261 1842 fecit
283 1773 530 1841 emendationem
549 1771 728 1849 Elmsleius‚
744 1796 844 1859 quum
863 1772 1033 1859 corrigeret
1047 1773 1121 1837 ἔνθα
1136 1776 1226 1860 κούρα
1241 1777 1291 1862 δίᾳ

187 1878 288 1961 τέγγει
302 1876 431 1958 βωμοὺς,
447 1875 534 1961 quod
556 1888 639 1939 recta
660 1874 767 1961 rejecit
789 1875 947 1940 Matthiae.
993 1877 1054 1939 Est
1075 1898 1150 1940 vero
1166 1897 1207 1940 ne
1226 1900 1291 1942 una

187 1979 316 2067 quidem
330 1978 435 2043 littera
444 1976 554 2041 addita
569 1976 779 2053 scribendum,
796 1977 869 2041 ἔνθα
885 1979 975 2059 κούρα
993 1976 999 2064 Ι
1018 1979 1067 2042 δία
1080 1977 1182 2061 τέγγει
1201 1977 1207 2066 Ι
1224 1986 1288 2059 βιν-

186 2083 300 2162 ροδς-
319 2083 325 2169 Ι
343 2081 459 2160 -σίμα
468 2080 618 2160 βρότειον,
631 2077 769 2143 oratione
780 2078 889 2143 eodem
901 2078 995 2144 modo
1006 2079 1210 2160 conformata,
1223 2105 1292 2169 quo

188 2183 356 2271 Iphigenia
370 2207 399 2246 v.
418 2198 489 2266 225.
513 2179 628 2244 dicitur
643 2181 846 2264 αἱμορράντων
864 2184 1074 2265 δυσφόρμιγγα
1092 2183 1098 2269 Ι
1116 2185 1223 2262 ξείνιον
1243 2187 1289 2249 al-

186 2285 272 2366 ροῦσ’
289 2288 364 2350 όταν
377 2284 505 2366 βωμοὺς,
523 2283 577 2353 ubi
597 2282 708 2347 similia
727 2283 873 2370 quaedam
887 2283 995 2349 attulit
1011 2284 1178 2351 Seidlerus.
1226 2286 1290 2351 Sed

188 2387 282 2453 redeo
295 2387 336 2452 ad
352 2386 451 2451 Rhesi
470 2408 605 2466 carmen,
621 2385 674 2450 ubi
690 2384 833 2472 proxima
852 2386 897 2450 ita
915 2402 1004 2451 erant
1017 2386 1157 2451 versibus
1178 2386 1290 2467 divisa,

187 2493 264 2572 μόλε
285 2516 335 2554 τα·
356 2489 361 2577 Ι
380 2489 477 2572 ξήρης,
494 2490 557 2553 ἵκου
573 2487 598 2553 δ’
615 2491 751 2573 ἐννύχιος
769 2488 775 2576 Ι
793 2490 913 2572 ἁγεμὼν
929 2489 1072 2572 σωτήριος
1089 2494 1095 2576 Ι
1113 2488 1198 2572 ἀνέρι
1212 2516 1291 2572 πομ-

188 2597 246 2660 πᾶς
264 2590 270 2679 Ι
289 2593 337 2655 καὶ
352 2593 442 2672 γενοῦ
457 2590 506 2652 καὶ
519 2590 655 2670 ξύλλαβε
671 2592 878 2671 Δαρδανιδαις.
900 2589 1065 2676 inquibus
1081 2590 1219 2678 primum
1234 2593 1290 2659 de·

188 2691 282 2756 lenda
296 2690 358 2755 luit
371 2692 404 2753 tt
418 2688 582 2777 particula,
602 2689 635 2754 in
656 2689 763 2755 codice
779 2690 929 2755 Vaticano
945 2712 1018 2775 909.
1066 2694 1241 2760 Havniensi
1259 2710 1293 2762 et

191 2792 380 2859 Florentinis
393 2792 519 2857 duobus
533 2792 656 2871 omissa,
666 2816 762 2880 quam
777 2793 832 2879 qui
844 2793 968 2858 addidit
978 2808 1078 2860 metro
1090 2797 1293 2864 consulturus

189 2895 411 2983 grammaticus
432 2895 553 2983 pariter
574 2895 833 2982 antistrophicum
855 2919 981 2960 versum
1002 2896 1202 2985 interpolavit
1218 2916 1291 2987 235.

191 2998 320 3077 θυμέλας
338 2997 344 3083 Ι
363 3001 451 3062 οἴκων
476 2997 589 3080 πάτρας
612 2995 751 3064 Ἰλιάδος.
781 2995 837 3060 ubi
863 2997 975 3079 πατρὸς
997 2996 1128 3068 Ἰλιάδας
1156 2999 1292 3080 restitui,

190 3123 286 3186 quam
301 3099 487 3187 scripturam
502 3123 541 3163 ex
563 3123 627 3164 uno
648 3113 771 3164 tantum
791 3099 872 3164 libro
892 3099 1077 3166 Florentino
1097 3102 1294 3189 oonsignavit

192 3201 351 3279 Matthiae,
367 3224 426 3288 ego
440 3225 480 3264 ex
495 3200 646 3265 Vaticano
664 3215 821 3266 enotatam
838 3201 949 3267 habeo.
994 3202 1119 3268 Deinde
1133 3203 1229 3269 verba
1244 3207 1294 3270 καὶ

192 3310 282 3387 γενοῦ
294 3303 411 3368 librarii
434 3327 538 3368 errore
559 3303 591 3367 in
610 3303 714 3368 locum
736 3303 872 3368 alienum
887 3319 961 3368 sunt
975 3305 1106 3393 dejecta,
1121 3307 1238 3395 quibus
1259 3306 1293 3372 in

192 3430 279 3472 suam
295 3406 398 3472 sedem
414 3404 565 3471 restitutis
579 3406 683 3471 omnia
697 3407 815 3494 optime
828 3407 1015 3494 procedunt,

358 3508 528 3583 Ἄπολλον,
544 3506 567 3572 ὦ
583 3510 631 3572 δία
645 3513 774 3592 κεφαλὼ,
789 3512 865 3588 μόλε
879 3509 1011 3593 τοξήρης,
1028 3513 1092 3576 ίκοῦ
1106 3513 1242 3597 έυνύχιας

366 3612 413 3676 καὶ
426 3615 517 3693 γενοῦ
530 3609 673 3692 σωτήριος
689 3610 773 3693 άνέρι
786 3616 903 3692 πομπᾶς

365 3714 484 3797 ἁγεμὼν
499 3713 546 3776 καὶ
560 3714 696 3793 ξύλλαβε
713 3717 918 3794 Δαρδανίδαις.

192 3816 346 3903 offertque
357 3815 425 3880 haec
435 3814 612 3879 emendatio
621 3815 716 3880 etiam
727 3815 805 3880 illud
817 3817 973 3883 commodi
985 3833 1021 3882 ut
1030 3832 1188 3905 postrema
1200 3818 1295 3906 primi

193 3942 301 3983 versus
323 3918 442 4006 syllaba
461 3918 616 4005 producta
635 3934 779 3983 accurate
800 3919 986 4006 respondeat
1004 3921 1211 4009 antistropho.
1232 3925 1297 3987 ίιοῦ

194 4025 329 4105 ἐννύχιος
339 4036 443 4086 autem
457 4044 519 4085 non
530 4044 611 4108 opus
621 4020 717 4086 hahet
728 4021 837 4087 addito
848 4024 979 4105 ἁγεμὼν,
991 4023 1045 4087 sed
1059 4023 1180 4090 dictum
1196 4038 1243 4090 est
1258 4039 1295 4090 ut

195 4126 319 4208 ἔννυχος
331 4114 434 4204 μολὼν
448 4147 538 4187 versu
554 4140 630 4208 501.

239 4227 276 4289 V.
293 4240 366 4308 245.
388 4227 513 4309 σπανία]
541 4224 646 4311 Vulgo
672 4226 787 4293 σπάνις.
823 4227 1038 4294 Emendatum
1061 4252 1100 4294 ex
1126 4229 1293 4295 oodioibus.
