2850 4898
513 304 859 370 ΑΠΟΣΠΑΣΜΑΤΙΑ.

666 501 701 544 II

171 585 344 661 Apollonius
357 585 445 662 Dysc.
460 585 491 642 in
506 584 600 643 Bekk.
611 585 723 644 Anecd.
737 605 767 662 p.
780 603 850 663 514,
865 606 909 646 10.
933 592 982 647 Καὶ
996 592 1024 648 ἐν
1038 597 1110 666 Αὔγη

218 680 276 743 Καὶ
290 685 449 759 βουθυτεῖν
464 684 522 763 γὰρ
536 681 634 759 ἠξίους
649 681 722 760 ἐμὴν
736 681 835 765 χάριν.

171 886 348 964 Hesychius,
363 889 518 961 Διέφθειρει
540 891 637 963 διῖγγεν.
657 819 797 963 ΕΙύριπίδης
810 896 892 966 Αὔγη.
915 895 1021 969 διέφερε
1035 893 1188 953 Kusterus.

170 1085 346 1163 Hesychiu8‚
360 1088 443 1160 Κέρας
456 1086 545 1161 ὄρθιον
555 1109 561 1144 :
584 1019 702 1162 paup?
715 1092 855 1165 Εὐριπίδης
866 1093 894 1148 ἐν
905 1097 985 1167 Αὔγη.

170 1284 263 1343 Bekk.
272 1285 385 1344 Anecd.
398 1305 426 1362 p.
442 1286 508 1353 116,
520 1303 547 1343 ν.
566 1221 750 1362 Φιλοτρέιβύςι
767 1290 823 1361 δνὴ
837 1292 959 1363 συνήθεια
967 1297 1135 1368 φιλύτροφον
1147 1294 1229 1368 λέγει.

129 1385 270 1459 Εὐριπίδης
280 1388 361 1458 Αὔγη.

551 1583 810 1645 ΑΎἾῸΛΥΚΟΣ.

675 1737 687 1780 1

169 1805 328 1862 Athenaeus
342 1803 379 1863 X.
394 1821 490 1879 p.413
505 1823 532 1862 α.
550 1804 669 1879 (Galen.
685 1805 723 1863 II.
738 1825 768 1882 p.
784 1825 827 1865 ιο.
847 1809 962 1880 chart.)
992 1811 1132 1884 Εὐριπίδης
1147 1812 1175 1867 ἐν
1190 1809 1228 1886 τῷ

129 1905 223 1980 πρύτφ
237 1901 377 1978 Αὐτολύκῳ
391 1904 464 1976 λέγει

217 2003 323 2061 Κακῶν
337 1999 395 2080 γὰρ
410 1999 505 2060 ὄντων
519 1999 631 2078 μυρίων
647 2000 712 2061 καθ’
726 1996 873 2075 Ἐλλάδα,

215 2099 302 2164 ούδέν
318 2095 418 2163 κάκιύν
433 2099 516 2161 ἐστιν
531 2099 668 2178 ἀθλητῶν
683 2098 797 2181 γένους·

214 2203 244 2268 οδ
257 2207 359 2284 πρῶτα
372 2205 428 2280 μὲν
441 2205 494 2281 ζῆν
509 2203 577 2265 ούτε
590 2201 794 2280 μανθάνουσιν
809 2203 842 2267 εύ

215 2306 278 2369 οὔτ’
293 2303 332 2367 δν
345 2305 492 2367 δύναιντο·
516 2309 577 2369 πῶς
591 2306 659 2385 γὰρ,
675 2304 757 2370 ὅστις
771 2304 836 2366 ἐστ’
850 2305 926 2387 άνηρ

214 2407 327 2490 γνάθου
341 2432 374 2470 τε
389 2409 496 2472 δοῦλος
510 2406 614 2486 νηδύος
628 2407 656 2469 θ’
669 2405 847 2486 ἡσσημένος,

216 2509 347 2589 κτήσαιτ’
364 2507 402 2572 δν
417 2509 515 2588 ὄλβον
531 2510 572 2575 είς
585 2509 758 2591 ὑπερβολὴν
772 2508 902 2592 πατράς;

215 2614 277 2678 οὐδ’
292 2613 330 2676 αύ
342 2609 488 2675 πένεσθαι
503 2612 712 2693 κάξυπηρετεῖν
725 2614 828 2695 τύχαις
941 2690 944 2696 ἤ

215 2718 276 2782 οἶοί
288 2717 326 2780 τ’·
351 2715 403 2794 έθη
418 2716 476 2796 γδρ
490 2714 543 2778 ούκ
559 2712 727 2782 ἐθισθέντες
742 2719 829 2790 καλὰ,

214 2825 349 2902 σκληρῶς
361 2816 628 2898 μεταλλάσσουσιν
644 2819 685 2885 εἷς
699 2817 865 2901 τάμήχανα.

213 2922 344 3003 λαμπροὶ
359 2922 385 2983 δ’
402 2921 436 2983 ἐν
449 2920 510 2999 ἥβη
527 2920 573 2982 καὶ
587 2916 703 2985 πόλεως
717 2919 876 3001 ἀγάλματα

213 3025 349 3109 φοιτῶσ’·
367 3025 440 3087 ὅταν
455 3024 488 3086 δέ
502 3019 660 3102 προσπέσῃ
675 3023 766 3102 γῆρας
780 3021 893 3103 πικρδν,

212 3130 356 3212 τρίβωνες
370 3121 552 3205 ἐκβαλόντες
566 3125 701 3205 οἴχονται
716 3119 830 3203 κρόκας.

214 3226 393 3310 ἐμεμψάμην
408 3228 441 3289 δέ
457 3225 504 3288 καί
518 3221 571 3287 τὸν
584 3221 744 3303 Ἑλλήνων
758 3220 860 3302 νόμον,

213 3332 243 3397 οἱ
257 3330 343 3394 τῶνδ’
356 3329 438 3392 έκατι
452 3327 607 3409 σύλλογον
621 3327 794 3404 ποιούμενοι

213 3434 317 3513 τιμῶσ’
333 3432 470 3514 ἇχρείους
483 3430 590 3509 ἡδονὰς
605 3425 701 3494 δαιτὸς
715 3425 815 3510 χάριν.

213 3538 257 3604 τίς
271 3540 329 3619 γὰρ
343 3535 495 3600 παλαίσας
510 3532 554 3605 εύ,
570 3532 614 3598 τίς
628 3530 761 3596 ὠκύπους
775 3530 859 3612 άνῆρ,

212 3637 230 3717 ἢ
245 3639 348 3702 δίσκον
363 3638 444 3718 δρας,
460 3633 479 3716 ἢ
494 3635 608 3718 γνάθον
622 3635 733 3699 παίσας
749 3636 856 3708 καλῶς,

213 3738 301 3804 πόλει
315 3737 436 3825 πατρῴᾳ
451 3736 605 3820 στέφανον
619 3736 746 3818 ἤρκεσεν
760 3738 867 3815 λαβών
880 3765 887 3810 ;

210 3845 322 3925 πότερα
331 3845 497 3925 μαχοῦνται
512 3841 701 3919 πολεμίοισιν
718 3839 751 3902 ἐν
765 3844 869 3922 χεροῖν

215 3948 334 4013 δίσκους
349 3947 480 4029 ἔχοντες,
495 3943 513 4024 ἢ
529 3942 564 4007 δι’
580 3944 716 4008 δαπίδων
730 3943 803 4006 ποσὶ

212 4052 362 4116 θείνοντες
376 4050 541 4128 ἐκβαλοῦσι
555 4047 715 4125 πολεμίους
729 4043 859 4126 πάτρας;

212 4152 308 4218 οὐδεὶς
322 4151 443 4234 σιδήρου
456 4155 549 4214 ταῦτα
563 4148 704 4230 μωραίνει
714 4145 810 4215 πέλας

212 4255 293 4322 στάς.
319 4256 426 4335 ἄνδρας
440 4254 493 4319 ούν
508 4255 599 4336 ἐχρῆν
615 4252 729 4334 σοφούς
743 4275 776 4314 τε
791 4250 938 4333 κάγαθοὺς
