<?xml version="1.0" encoding="UTF-8"?>
<!DOCTYPE html PUBLIC "-//W3C//DTD XHTML 1.0 Transitional//EN"
    "http://www.w3.org/TR/xhtml1/DTD/xhtml1-transitional.dtd">
<html xmlns="http://www.w3.org/1999/xhtml" xml:lang="en" lang="en">
 <head>
  <title>
</title>
<meta http-equiv="Content-Type" content="text/html;charset=utf-8" />
  <meta name='ocr-system' content='tesseract 3.04.00' />
  <meta name='ocr-capabilities' content='ocr_page ocr_carea ocr_par ocr_line ocrx_word'/>
</head>
<body>
  <div class='ocr_page' id='page_1' title='image "./tragoediaesuper00eurigoog_0524.png"; bbox 0 0 2850 4898; ppageno 0'>
   <div class='ocr_carea' id='block_1_1' title="bbox 213 291 876 355">
    <p class='ocr_par' dir='ltr' id='par_1_1' title="bbox 213 291 876 355">
     <span class='ocr_line' id='line_1_1' title="bbox 213 291 876 355; baseline -0.005 -2"><span class='ocrx_word' id='word_1_1' title='bbox 213 291 277 355; x_wconf 80' lang='lat'>950</span> <span class='ocrx_word' id='word_1_2' title='bbox 649 291 876 351; x_wconf 71' lang='grc' dir='ltr'><strong>ΕΥΡΙΠΙΔΟΥ</strong></span> 
     </span>
    </p>
   </div>
   <div class='ocr_carea' id='block_1_2' title="bbox 743 503 780 565">
    <p class='ocr_par' dir='ltr' id='par_1_2' title="bbox 743 503 780 565">
     <span class='ocr_line' id='line_1_2' title="bbox 743 503 780 565; baseline 0 0"><span class='ocrx_word' id='word_1_3' title='bbox 743 503 780 565; x_wconf 86' lang='lat'>27</span> 
     </span>
    </p>
   </div>
   <div class='ocr_carea' id='block_1_3' title="bbox 254 573 966 753">
    <p class='ocr_par' dir='ltr' id='par_1_3' title="bbox 254 573 966 753">
     <span class='ocr_line' id='line_1_3' title="bbox 254 573 581 649; baseline -0.006 -17"><span class='ocrx_word' id='word_1_4' title='bbox 254 573 387 632; x_wconf 85' lang='lat' dir='ltr'>Stobaeus</span> <span class='ocrx_word' id='word_1_5' title='bbox 404 591 450 648; x_wconf 87' lang='lat'>29.</span> <span class='ocrx_word' id='word_1_6' title='bbox 466 593 495 649; x_wconf 89' lang='lat' dir='ltr'>p.</span> <span class='ocrx_word' id='word_1_7' title='bbox 516 573 581 647; x_wconf 83' lang='lat'><strong>198.</strong></span> 
     </span>
     <span class='ocr_line' id='line_1_4' title="bbox 299 666 966 753; baseline -0.004 -19"><span class='ocrx_word' id='word_1_8' title='bbox 299 675 437 753; x_wconf 87' lang='grc' dir='ltr'>Μοχθεῖν</span> <span class='ocrx_word' id='word_1_9' title='bbox 451 669 564 751; x_wconf 81' lang='grc' dir='ltr'>ἀνάγκη</span> <span class='ocrx_word' id='word_1_10' title='bbox 580 668 646 734; x_wconf 79' lang='grc' dir='ltr'>τοὺς</span> <span class='ocrx_word' id='word_1_11' title='bbox 661 666 805 733; x_wconf 80' lang='grc' dir='ltr'>θέλοντας</span> <span class='ocrx_word' id='word_1_12' title='bbox 821 668 966 750; x_wconf 75' lang='grc' dir='ltr'>εὒπνχεῖν.</span> 
     </span>
    </p>
   </div>
   <div class='ocr_carea' id='block_1_4' title="bbox 253 814 1320 978">
    <p class='ocr_par' dir='ltr' id='par_1_4' title="bbox 253 814 1320 978">
     <span class='ocr_line' id='line_1_5' title="bbox 253 814 1320 978; baseline -0.001 -18"><span class='ocrx_word' id='word_1_13' title='bbox 253 903 331 962; x_wconf 87' lang='lat' dir='ltr'><strong>Sext.</strong></span> <span class='ocrx_word' id='word_1_14' title='bbox 343 903 452 978; x_wconf 87' lang='lat' dir='ltr'><strong>Empir.</strong></span> <span class='ocrx_word' id='word_1_15' title='bbox 469 903 533 960; x_wconf 81' lang='lat' dir='ltr'><strong>adv.</strong></span> <span class='ocrx_word' id='word_1_16' title='bbox 548 903 615 959; x_wconf 88' lang='lat' dir='ltr'><strong>Eth.</strong></span> <span class='ocrx_word' id='word_1_17' title='bbox 631 922 659 977; x_wconf 91' lang='lat' dir='ltr'>p.</span> <span class='ocrx_word' id='word_1_18' title='bbox 677 814 900 975; x_wconf 39' lang='lat' dir='ltr'><strong>702iit0baeus</strong></span> <span class='ocrx_word' id='word_1_19' title='bbox 915 919 962 977; x_wconf 89' lang='lat'>91.</span> <span class='ocrx_word' id='word_1_20' title='bbox 974 920 1002 976; x_wconf 92' lang='lat' dir='ltr'>p.</span> <span class='ocrx_word' id='word_1_21' title='bbox 1014 915 1081 977; x_wconf 83' lang='lat'><strong>507.</strong></span> <span class='ocrx_word' id='word_1_22' title='bbox 1097 912 1128 958; x_wconf 86' lang='lat' dir='ltr'>et</span> <span class='ocrx_word' id='word_1_23' title='bbox 1142 914 1192 976; x_wconf 80' lang='lat'><strong>95.</strong></span> <span class='ocrx_word' id='word_1_24' title='bbox 1205 920 1235 977; x_wconf 92' lang='lat' dir='ltr'>p.</span> <span class='ocrx_word' id='word_1_25' title='bbox 1246 916 1262 976; x_wconf 85' lang='lat'>5</span> <span class='ocrx_word' id='word_1_26' title='bbox 1273 920 1320 977; x_wconf 90' lang='lat'>¹9·</span> 
     </span>
    </p>
   </div>
   <div class='ocr_carea' id='block_1_5' title="bbox 298 997 965 1282">
    <p class='ocr_par' dir='ltr' id='par_1_5' title="bbox 298 997 965 1282">
     <span class='ocr_line' id='line_1_6' title="bbox 298 997 965 1082; baseline -0.004 -19"><span class='ocrx_word' id='word_1_27' title='bbox 298 1001 339 1063; x_wconf 79' lang='grc' dir='ltr'>Τί</span> <span class='ocrx_word' id='word_1_28' title='bbox 350 1000 408 1082; x_wconf 84' lang='grc' dir='ltr'>γάρ</span> <span class='ocrx_word' id='word_1_29' title='bbox 422 1024 459 1078; x_wconf 90' lang='grc' dir='ltr'>με</span> <span class='ocrx_word' id='word_1_30' title='bbox 474 1003 602 1065; x_wconf 79' lang='grc' dir='ltr'>πλοῦτος</span> <span class='ocrx_word' id='word_1_31' title='bbox 617 998 733 1079; x_wconf 81' lang='grc' dir='ltr'>ὠφελεῖ</span> <span class='ocrx_word' id='word_1_32' title='bbox 745 997 893 1060; x_wconf 82' lang='grc' dir='ltr'>νοσοῦντά</span> <span class='ocrx_word' id='word_1_33' title='bbox 907 1022 943 1079; x_wconf 84' lang='grc' dir='ltr'>γε</span> <span class='ocrx_word' id='word_1_34' title='bbox 958 1026 965 1069; x_wconf 85' lang='lat'>;</span> 
     </span>
     <span class='ocr_line' id='line_1_7' title="bbox 298 1096 942 1181; baseline -0.006 -18"><span class='ocrx_word' id='word_1_35' title='bbox 298 1099 393 1181; x_wconf 81' lang='grc' dir='ltr'>σμίκρ’</span> <span class='ocrx_word' id='word_1_36' title='bbox 410 1099 448 1163; x_wconf 77' lang='grc' dir='ltr'>ἂν</span> <span class='ocrx_word' id='word_1_37' title='bbox 462 1099 578 1178; x_wconf 85' lang='grc' dir='ltr'>θέλοιμι</span> <span class='ocrx_word' id='word_1_38' title='bbox 595 1099 642 1161; x_wconf 83' lang='grc' dir='ltr'>καὶ</span> <span class='ocrx_word' id='word_1_39' title='bbox 657 1096 719 1161; x_wconf 81' lang='grc' dir='ltr'>καθ’</span> <span class='ocrx_word' id='word_1_40' title='bbox 736 1097 848 1178; x_wconf 80' lang='grc' dir='ltr'>ἡμέραν</span> <span class='ocrx_word' id='word_1_41' title='bbox 864 1097 942 1180; x_wconf 85' lang='grc' dir='ltr'>ἔχων</span> 
     </span>
     <span class='ocr_line' id='line_1_8' title="bbox 299 1198 954 1282; baseline -0.006 -16"><span class='ocrx_word' id='word_1_42' title='bbox 299 1202 414 1266; x_wconf 76' lang='grc' dir='ltr'>ἄλυπον</span> <span class='ocrx_word' id='word_1_43' title='bbox 429 1204 520 1265; x_wconf 78' lang='grc' dir='ltr'>οἰκεῖν</span> <span class='ocrx_word' id='word_1_44' title='bbox 534 1201 641 1282; x_wconf 80' lang='grc' dir='ltr'>βίοτον</span> <span class='ocrx_word' id='word_1_45' title='bbox 655 1198 672 1278; x_wconf 77' lang='grc' dir='ltr'>ἢ</span> <span class='ocrx_word' id='word_1_46' title='bbox 686 1206 824 1264; x_wconf 84' lang='grc' dir='ltr'>πλουτῶν</span> <span class='ocrx_word' id='word_1_47' title='bbox 840 1204 954 1263; x_wconf 79' lang='grc' dir='ltr'>νοσεῖν.</span> 
     </span>
    </p>
   </div>
   <div class='ocr_carea' id='block_1_6' title="bbox 254 1364 910 1611">
    <p class='ocr_par' dir='ltr' id='par_1_6' title="bbox 254 1364 910 1611">
     <span class='ocr_line' id='line_1_9' title="bbox 254 1364 783 1510; baseline 0 -19"><span class='ocrx_word' id='word_1_48' title='bbox 254 1433 388 1492; x_wconf 83' lang='lat' dir='ltr'>Stobaeus</span> <span class='ocrx_word' id='word_1_49' title='bbox 401 1452 451 1509; x_wconf 88' lang='lat'>49.</span> <span class='ocrx_word' id='word_1_50' title='bbox 466 1453 496 1510; x_wconf 87' lang='lat' dir='ltr'>p.</span> <span class='ocrx_word' id='word_1_51' title='bbox 512 1452 582 1510; x_wconf 85' lang='lat'><strong>355.</strong></span> <span class='ocrx_word' id='word_1_52' title='bbox 744 1364 783 1430; x_wconf 61' lang='lat'>29</span> 
     </span>
     <span class='ocr_line' id='line_1_10' title="bbox 298 1527 910 1611; baseline 0 -19"><span class='ocrx_word' id='word_1_53' title='bbox 298 1531 404 1608; x_wconf 91' lang='grc' dir='ltr'>Τόλμα</span> <span class='ocrx_word' id='word_1_54' title='bbox 419 1530 475 1602; x_wconf 81' lang='grc' dir='ltr'>ἀεὶ,</span> <span class='ocrx_word' id='word_1_55' title='bbox 493 1530 547 1592; x_wconf 78' lang='grc' dir='ltr'>κᾶν</span> <span class='ocrx_word' id='word_1_56' title='bbox 562 1554 590 1592; x_wconf 88' lang='grc' dir='ltr'>τι</span> <span class='ocrx_word' id='word_1_57' title='bbox 604 1528 696 1611; x_wconf 83' lang='grc' dir='ltr'>τρηχὺ</span> <span class='ocrx_word' id='word_1_58' title='bbox 712 1527 823 1607; x_wconf 79' lang='grc' dir='ltr'>νέμωσι</span> <span class='ocrx_word' id='word_1_59' title='bbox 838 1530 910 1592; x_wconf 74' lang='grc' dir='ltr'>θεοῖ.</span> 
     </span>
    </p>
   </div>
   <div class='ocr_carea' id='block_1_7' title="bbox 213 1693 1318 1950">
    <p class='ocr_par' dir='ltr' id='par_1_7' title="bbox 213 1693 1318 1950">
     <span class='ocr_line' id='line_1_11' title="bbox 764 1693 785 1735; baseline 0 0"><span class='ocrx_word' id='word_1_60' title='bbox 764 1693 785 1735; x_wconf 91' lang='lat'>0</span> 
     </span>
     <span class='ocr_line' id='line_1_12' title="bbox 254 1693 1318 1854; baseline 0.002 -20"><span class='ocrx_word' id='word_1_61' title='bbox 254 1775 353 1834; x_wconf 88' lang='lat' dir='ltr'><strong>Schol.</strong></span> <span class='ocrx_word' id='word_1_62' title='bbox 368 1777 498 1834; x_wconf 81' lang='lat' dir='ltr'><strong>Platonis</strong></span> <span class='ocrx_word' id='word_1_63' title='bbox 512 1797 539 1852; x_wconf 93' lang='lat' dir='ltr'>p.</span> <span class='ocrx_word' id='word_1_64' title='bbox 556 1792 603 1852; x_wconf 82' lang='lat'><strong>50.</strong></span> <span class='ocrx_word' id='word_1_65' title='bbox 625 1777 728 1849; x_wconf 75' lang='grc' dir='ltr'>Ψνιιτῖηρ</span> <span class='ocrx_word' id='word_1_66' title='bbox 742 1693 760 1832; x_wconf 84' lang='lat'>:3</span> <span class='ocrx_word' id='word_1_67' title='bbox 772 1781 874 1840; x_wconf 74' lang='grc' dir='ltr'>σκεῦος,</span> <span class='ocrx_word' id='word_1_68' title='bbox 897 1779 957 1833; x_wconf 78' lang='grc' dir='ltr'>ἔνθα</span> <span class='ocrx_word' id='word_1_69' title='bbox 978 1779 1118 1845; x_wconf 77' lang='grc' dir='ltr'>διανίζονσι</span> <span class='ocrx_word' id='word_1_70' title='bbox 1139 1783 1172 1834; x_wconf 81' lang='grc' dir='ltr'>τὰ</span> <span class='ocrx_word' id='word_1_71' title='bbox 1193 1781 1318 1854; x_wconf 79' lang='grc' dir='ltr'>ποτήρια,</span> 
     </span>
     <span class='ocr_line' id='line_1_13' title="bbox 213 1871 792 1950; baseline 0.002 -20"><span class='ocrx_word' id='word_1_72' title='bbox 213 1875 229 1945; x_wconf 67' lang='grc' dir='ltr'>ἦ</span> <span class='ocrx_word' id='word_1_73' title='bbox 241 1876 366 1949; x_wconf 77' lang='grc' dir='ltr'>ποτηρίου</span> <span class='ocrx_word' id='word_1_74' title='bbox 379 1871 456 1942; x_wconf 71' lang='grc' dir='ltr'>εἶδος,</span> <span class='ocrx_word' id='word_1_75' title='bbox 472 1876 505 1932; x_wconf 74' lang='grc' dir='ltr'>ὡς</span> <span class='ocrx_word' id='word_1_76' title='bbox 518 1876 657 1947; x_wconf 79' lang='grc' dir='ltr'>Εὐριπίδης</span> <span class='ocrx_word' id='word_1_77' title='bbox 671 1877 792 1950; x_wconf 81' lang='grc' dir='ltr'>Τηλέφῳ.</span> 
     </span>
    </p>
   </div>
   <div class='ocr_carea' id='block_1_8' title="bbox 515 2184 1008 2242">
    <p class='ocr_par' dir='ltr' id='par_1_8' title="bbox 515 2184 1008 2242">
     <span class='ocr_line' id='line_1_14' title="bbox 515 2184 1008 2242; baseline 0 0"><span class='ocrx_word' id='word_1_78' title='bbox 515 2184 734 2242; x_wconf 86' lang='grc' dir='ltr'>ΤΗΜΕΝΟΣ.</span> <span class='ocrx_word' id='word_1_79' title='bbox 756 2184 1008 2242; x_wconf 86' lang='grc' dir='ltr'>ΤΗΜΕΝΙΔΑΙ.</span> 
     </span>
    </p>
   </div>
   <div class='ocr_carea' id='block_1_9' title="bbox 254 2335 766 2476">
    <p class='ocr_par' dir='ltr' id='par_1_9' title="bbox 254 2335 766 2476">
     <span class='ocr_line' id='line_1_15' title="bbox 753 2335 766 2376; baseline 0 0"><span class='ocrx_word' id='word_1_80' title='bbox 753 2335 766 2376; x_wconf 80' lang='lat' dir='ltr'>I</span> 
     </span>
     <span class='ocr_line' id='line_1_16' title="bbox 254 2403 752 2476; baseline -0.006 -16"><span class='ocrx_word' id='word_1_81' title='bbox 254 2403 388 2460; x_wconf 82' lang='lat' dir='ltr'>Stobaeus</span> <span class='ocrx_word' id='word_1_82' title='bbox 407 2421 431 2459; x_wconf 86' lang='lat'><strong>1.</strong></span> <span class='ocrx_word' id='word_1_83' title='bbox 453 2403 594 2476; x_wconf 73' lang='grc' dir='ltr'>Εὐριπίδου</span> <span class='ocrx_word' id='word_1_84' title='bbox 607 2404 752 2473; x_wconf 81' lang='grc' dir='ltr'>Τημενίδων</span> 
     </span>
    </p>
   </div>
   <div class='ocr_carea' id='block_1_10' title="bbox 213 2496 1319 2981">
    <p class='ocr_par' dir='ltr' id='par_1_10' title="bbox 297 2496 939 2579">
     <span class='ocr_line' id='line_1_17' title="bbox 297 2496 939 2579; baseline 0.003 -19"><span class='ocrx_word' id='word_1_85' title='bbox 297 2498 405 2579; x_wconf 70' lang='grc' dir='ltr'>Ἀρετὴ</span> <span class='ocrx_word' id='word_1_86' title='bbox 420 2499 452 2560; x_wconf 72' lang='grc' dir='ltr'>δὲ</span> <span class='ocrx_word' id='word_1_87' title='bbox 468 2497 522 2560; x_wconf 83' lang='grc' dir='ltr'>κᾶν</span> <span class='ocrx_word' id='word_1_88' title='bbox 538 2496 612 2575; x_wconf 84' lang='grc' dir='ltr'>θάνῃ</span> <span class='ocrx_word' id='word_1_89' title='bbox 627 2522 680 2574; x_wconf 84' lang='grc' dir='ltr'>τις,</span> <span class='ocrx_word' id='word_1_90' title='bbox 695 2497 748 2560; x_wconf 83' lang='grc' dir='ltr'>οὐκ</span> <span class='ocrx_word' id='word_1_91' title='bbox 764 2498 939 2572; x_wconf 77' lang='grc' dir='ltr'>ἀπόλλυται,</span> 
     </span>
    </p>

    <p class='ocr_par' dir='ltr' id='par_1_11' title="bbox 297 2597 932 2680">
     <span class='ocr_line' id='line_1_18' title="bbox 297 2597 932 2680; baseline 0.002 -17"><span class='ocrx_word' id='word_1_92' title='bbox 297 2605 332 2680; x_wconf 77' lang='grc' dir='ltr'>ζῇ</span> <span class='ocrx_word' id='word_1_93' title='bbox 348 2602 375 2663; x_wconf 89' lang='grc' dir='ltr'>δ’</span> <span class='ocrx_word' id='word_1_94' title='bbox 390 2597 482 2663; x_wconf 84' lang='grc' dir='ltr'>οὐκέτ’</span> <span class='ocrx_word' id='word_1_95' title='bbox 499 2601 585 2664; x_wconf 83' lang='grc' dir='ltr'>ὄντος</span> <span class='ocrx_word' id='word_1_96' title='bbox 599 2601 744 2678; x_wconf 81' lang='grc' dir='ltr'>σώματος·</span> <span class='ocrx_word' id='word_1_97' title='bbox 770 2607 885 2663; x_wconf 85' lang='grc' dir='ltr'>κακοῖσι</span> <span class='ocrx_word' id='word_1_98' title='bbox 900 2604 932 2664; x_wconf 73' lang='grc' dir='ltr'>δὲ</span> 
     </span>
    </p>

    <p class='ocr_par' dir='ltr' id='par_1_12' title="bbox 213 2699 1319 2981">
     <span class='ocr_line' id='line_1_19' title="bbox 299 2699 942 2785; baseline -0.003 -20"><span class='ocrx_word' id='word_1_99' title='bbox 299 2700 417 2765; x_wconf 84' lang='grc' dir='ltr'>ἅπαντα</span> <span class='ocrx_word' id='word_1_100' title='bbox 431 2704 546 2782; x_wconf 81' lang='grc' dir='ltr'>φροῦδα</span> <span class='ocrx_word' id='word_1_101' title='bbox 560 2699 736 2765; x_wconf 88' lang='grc' dir='ltr'>συνθανόνθ’</span> <span class='ocrx_word' id='word_1_102' title='bbox 752 2702 809 2765; x_wconf 83' lang='grc' dir='ltr'>ὑπὸ</span> <span class='ocrx_word' id='word_1_103' title='bbox 825 2705 942 2785; x_wconf 79' lang='grc' dir='ltr'>χθονός.</span> 
     </span>
     <span class='ocr_line' id='line_1_20' title="bbox 213 2822 1319 2902; baseline 0.003 -20"><span class='ocrx_word' id='word_1_104' title='bbox 213 2825 343 2882; x_wconf 86' lang='lat' dir='ltr'><strong>Primum</strong></span> <span class='ocrx_word' id='word_1_105' title='bbox 357 2841 475 2881; x_wconf 83' lang='lat' dir='ltr'><strong>versum</strong></span> <span class='ocrx_word' id='word_1_106' title='bbox 490 2823 561 2880; x_wconf 83' lang='lat' dir='ltr'><strong>citat</strong></span> <span class='ocrx_word' id='word_1_107' title='bbox 576 2822 655 2881; x_wconf 85' lang='lat' dir='ltr'><strong>Sext.</strong></span> <span class='ocrx_word' id='word_1_108' title='bbox 671 2823 780 2900; x_wconf 82' lang='lat' dir='ltr'><strong>Empir.</strong></span> <span class='ocrx_word' id='word_1_109' title='bbox 796 2825 858 2882; x_wconf 82' lang='lat' dir='ltr'><strong>adv.</strong></span> <span class='ocrx_word' id='word_1_110' title='bbox 874 2827 1004 2883; x_wconf 79' lang='lat' dir='ltr'><strong>Gramm.</strong></span> <span class='ocrx_word' id='word_1_111' title='bbox 1022 2845 1089 2902; x_wconf 82' lang='lat'><strong>271.</strong></span> <span class='ocrx_word' id='word_1_112' title='bbox 1112 2827 1174 2884; x_wconf 83' lang='lat' dir='ltr'><strong>sine</strong></span> <span class='ocrx_word' id='word_1_113' title='bbox 1194 2828 1319 2886; x_wconf 87' lang='lat' dir='ltr'><strong>nomine</strong></span> 
     </span>
     <span class='ocr_line' id='line_1_21' title="bbox 213 2923 349 2981; baseline -0.015 0"><span class='ocrx_word' id='word_1_114' title='bbox 213 2923 349 2981; x_wconf 80' lang='lat' dir='ltr'><strong>auctoris.</strong></span> 
     </span>
    </p>
   </div>
   <div class='ocr_carea' id='block_1_11' title="bbox 254 3067 785 3211">
    <p class='ocr_par' dir='ltr' id='par_1_13' title="bbox 254 3067 785 3211">
     <span class='ocr_line' id='line_1_22' title="bbox 254 3067 785 3211; baseline -0.009 -16"><span class='ocrx_word' id='word_1_115' title='bbox 254 3136 387 3195; x_wconf 84' lang='lat' dir='ltr'>Stobaeus</span> <span class='ocrx_word' id='word_1_116' title='bbox 407 3154 452 3209; x_wconf 88' lang='lat'><strong>13.</strong></span> <span class='ocrx_word' id='word_1_117' title='bbox 468 3155 496 3211; x_wconf 92' lang='lat' dir='ltr'><strong>p.</strong></span> <span class='ocrx_word' id='word_1_118' title='bbox 515 3152 581 3211; x_wconf 88' lang='lat'><strong>145.</strong></span> <span class='ocrx_word' id='word_1_119' title='bbox 604 3145 633 3191; x_wconf 80' lang='grc' dir='ltr'>Ε.</span> <span class='ocrx_word' id='word_1_120' title='bbox 648 3067 785 3207; x_wconf 44' lang='grc' dir='ltr'>Τηρενίσαιν</span> 
     </span>
    </p>
   </div>
   <div class='ocr_carea' id='block_1_12' title="bbox 300 3231 881 3315">
    <p class='ocr_par' dir='ltr' id='par_1_14' title="bbox 300 3231 881 3315">
     <span class='ocr_line' id='line_1_23' title="bbox 300 3231 881 3315; baseline 0 -17"><span class='ocrx_word' id='word_1_121' title='bbox 300 3236 403 3298; x_wconf 85' lang='grc' dir='ltr'>Καλόν</span> <span class='ocrx_word' id='word_1_122' title='bbox 419 3231 447 3315; x_wconf 85' lang='grc' dir='ltr'>γ’</span> <span class='ocrx_word' id='word_1_123' title='bbox 463 3233 574 3312; x_wconf 78' lang='grc' dir='ltr'>ἀληθὴς</span> <span class='ocrx_word' id='word_1_124' title='bbox 590 3232 711 3312; x_wconf 77' lang='grc' dir='ltr'>κᾶτενὴς</span> <span class='ocrx_word' id='word_1_125' title='bbox 723 3235 855 3315; x_wconf 79' lang='grc' dir='ltr'>παρρησί</span> <span class='ocrx_word' id='word_1_126' title='bbox 876 3286 881 3298; x_wconf 95' lang='grc'>.</span> 
     </span>
    </p>
   </div>
   <div class='ocr_carea' id='block_1_13' title="bbox 253 3416 1317 3577">
    <p class='ocr_par' dir='ltr' id='par_1_15' title="bbox 253 3416 1317 3577">
     <span class='ocr_line' id='line_1_24' title="bbox 253 3416 1317 3577; baseline -0.007 -17"><span class='ocrx_word' id='word_1_127' title='bbox 253 3503 391 3560; x_wconf 85' lang='lat' dir='ltr'>Clemens</span> <span class='ocrx_word' id='word_1_128' title='bbox 405 3502 488 3559; x_wconf 89' lang='lat' dir='ltr'><strong>Alex.</strong></span> <span class='ocrx_word' id='word_1_129' title='bbox 505 3502 612 3557; x_wconf 88' lang='lat' dir='ltr'><strong>Strom.</strong></span> <span class='ocrx_word' id='word_1_130' title='bbox 629 3499 679 3555; x_wconf 85' lang='lat' dir='ltr'><strong>Vl.</strong></span> <span class='ocrx_word' id='word_1_131' title='bbox 696 3520 724 3575; x_wconf 93' lang='lat' dir='ltr'><strong>p.</strong></span> <span class='ocrx_word' id='word_1_132' title='bbox 741 3416 797 3557; x_wconf 69' lang='lat'>6321</span> <span class='ocrx_word' id='word_1_133' title='bbox 816 3521 841 3559; x_wconf 92' lang='lat' dir='ltr'><strong>c.</strong></span> <span class='ocrx_word' id='word_1_134' title='bbox 863 3505 948 3558; x_wconf 81' lang='grc' dir='ltr'>Πόλιν</span> <span class='ocrx_word' id='word_1_135' title='bbox 961 3504 1102 3577; x_wconf 76' lang='grc' dir='ltr'>Εὐριπίδου</span> <span class='ocrx_word' id='word_1_136' title='bbox 1116 3504 1163 3574; x_wconf 80' lang='grc' dir='ltr'>μὲν</span> <span class='ocrx_word' id='word_1_137' title='bbox 1177 3504 1205 3559; x_wconf 82' lang='grc' dir='ltr'>ἐν</span> <span class='ocrx_word' id='word_1_138' title='bbox 1219 3510 1317 3577; x_wconf 72' lang='grc' dir='ltr'>Κτιμέ.</span> 
     </span>
    </p>
   </div>
   <div class='ocr_carea' id='block_1_14' title="bbox 213 3600 1320 4179">
    <p class='ocr_par' dir='ltr' id='par_1_16' title="bbox 213 3600 1317 3772">
     <span class='ocr_line' id='line_1_25' title="bbox 213 3600 1317 3681; baseline 0.005 -26"><span class='ocrx_word' id='word_1_139' title='bbox 213 3627 247 3677; x_wconf 79' lang='grc' dir='ltr'>νῳ</span> <span class='ocrx_word' id='word_1_140' title='bbox 263 3603 330 3679; x_wconf 78' lang='lat' dir='ltr'><strong>(leg.</strong></span> <span class='ocrx_word' id='word_1_141' title='bbox 344 3600 461 3674; x_wconf 81' lang='grc' dir='ltr'>Τημένῳ)</span> <span class='ocrx_word' id='word_1_142' title='bbox 487 3608 506 3630; x_wconf 90' lang='lat'><em>“</em></span> <span class='ocrx_word' id='word_1_143' title='bbox 516 3603 558 3674; x_wconf 77' lang='grc' dir='ltr'>Τῷ</span> <span class='ocrx_word' id='word_1_144' title='bbox 571 3600 621 3671; x_wconf 83' lang='grc' dir='ltr'>γὰρ</span> <span class='ocrx_word' id='word_1_145' title='bbox 635 3602 756 3654; x_wconf 83' lang='grc' dir='ltr'>πονοῦντι</span> <span class='ocrx_word' id='word_1_146' title='bbox 770 3603 811 3654; x_wconf 77' lang='grc' dir='ltr'>καὶ</span> <span class='ocrx_word' id='word_1_147' title='bbox 825 3602 883 3658; x_wconf 76' lang='grc' dir='ltr'>θεὸς</span> <span class='ocrx_word' id='word_1_148' title='bbox 894 3601 1103 3673; x_wconf 81' lang='grc' dir='ltr'>σολλαρβάνει.”</span> <span class='ocrx_word' id='word_1_149' title='bbox 1118 3600 1196 3678; x_wconf 85' lang='lat' dir='ltr'>quod</span> <span class='ocrx_word' id='word_1_150' title='bbox 1211 3601 1317 3681; x_wconf 71' lang='lat' dir='ltr'><strong>fragm.</strong></span> 
     </span>
     <span class='ocr_line' id='line_1_26' title="bbox 213 3695 923 3772; baseline -0.008 -14"><span class='ocrx_word' id='word_1_151' title='bbox 213 3720 273 3758; x_wconf 90' lang='lat' dir='ltr'>uno</span> <span class='ocrx_word' id='word_1_152' title='bbox 287 3718 373 3756; x_wconf 84' lang='lat' dir='ltr'><strong>versu</strong></span> <span class='ocrx_word' id='word_1_153' title='bbox 388 3708 508 3754; x_wconf 85' lang='lat' dir='ltr'>auctum</span> <span class='ocrx_word' id='word_1_154' title='bbox 523 3695 640 3753; x_wconf 82' lang='lat' dir='ltr'>exhibet</span> <span class='ocrx_word' id='word_1_155' title='bbox 654 3695 743 3752; x_wconf 88' lang='lat' dir='ltr'><strong>schol.</strong></span> <span class='ocrx_word' id='word_1_156' title='bbox 760 3696 794 3753; x_wconf 87' lang='lat' dir='ltr'><strong>Il.</strong></span> <span class='ocrx_word' id='word_1_157' title='bbox 810 3696 842 3766; x_wconf 45' lang='grc' dir='ltr'>δέ,</span> <span class='ocrx_word' id='word_1_158' title='bbox 857 3715 923 3772; x_wconf 86' lang='lat'><strong>249.</strong></span> 
     </span>
    </p>

    <p class='ocr_par' dir='ltr' id='par_1_17' title="bbox 300 3791 955 3873">
     <span class='ocr_line' id='line_1_27' title="bbox 300 3791 955 3873; baseline -0.006 -13"><span class='ocrx_word' id='word_1_159' title='bbox 300 3796 387 3862; x_wconf 79' lang='grc' dir='ltr'>αὐτός</span> <span class='ocrx_word' id='word_1_160' title='bbox 401 3819 429 3856; x_wconf 81' lang='grc' dir='ltr'>τι</span> <span class='ocrx_word' id='word_1_161' title='bbox 445 3797 498 3856; x_wconf 85' lang='grc' dir='ltr'>νῦν</span> <span class='ocrx_word' id='word_1_162' title='bbox 514 3796 577 3871; x_wconf 81' lang='grc' dir='ltr'>δρᾶ,</span> <span class='ocrx_word' id='word_1_163' title='bbox 593 3791 690 3873; x_wconf 81' lang='grc' dir='ltr'>χοῦτω</span> <span class='ocrx_word' id='word_1_164' title='bbox 706 3792 847 3869; x_wconf 79' lang='grc' dir='ltr'>δαίμονας</span> <span class='ocrx_word' id='word_1_165' title='bbox 862 3791 955 3856; x_wconf 78' lang='grc' dir='ltr'>κάλει·</span> 
     </span>
    </p>

    <p class='ocr_par' dir='ltr' id='par_1_18' title="bbox 213 3892 1320 4179">
     <span class='ocr_line' id='line_1_28' title="bbox 298 3892 943 3985; baseline -0.008 -22"><span class='ocrx_word' id='word_1_166' title='bbox 298 3903 338 3985; x_wconf 74' lang='grc' dir='ltr'>τῷ</span> <span class='ocrx_word' id='word_1_167' title='bbox 354 3901 412 3981; x_wconf 78' lang='grc' dir='ltr'>γὰρ</span> <span class='ocrx_word' id='word_1_168' title='bbox 426 3899 566 3958; x_wconf 80' lang='grc' dir='ltr'>πονοῦντι</span> <span class='ocrx_word' id='word_1_169' title='bbox 580 3894 625 3976; x_wconf 83' lang='grc' dir='ltr'>χώ</span> <span class='ocrx_word' id='word_1_170' title='bbox 641 3892 709 3959; x_wconf 80' lang='grc' dir='ltr'>θεὸς</span> <span class='ocrx_word' id='word_1_171' title='bbox 724 3894 943 3973; x_wconf 84' lang='grc' dir='ltr'>συλλαμβάνει.</span> 
     </span>
     <span class='ocr_line' id='line_1_29' title="bbox 213 3997 1318 4075; baseline -0.006 -13"><span class='ocrx_word' id='word_1_172' title='bbox 213 4005 295 4062; x_wconf 88' lang='lat' dir='ltr'><strong>Prior</strong></span> <span class='ocrx_word' id='word_1_173' title='bbox 316 4022 417 4061; x_wconf 86' lang='lat' dir='ltr'><strong>versus</strong></span> <span class='ocrx_word' id='word_1_174' title='bbox 439 4001 546 4058; x_wconf 78' lang='lat' dir='ltr'><strong>citatur</strong></span> <span class='ocrx_word' id='word_1_175' title='bbox 568 3997 695 4055; x_wconf 81' lang='lat' dir='ltr'><strong>aSuida</strong></span> <span class='ocrx_word' id='word_1_176' title='bbox 715 4018 742 4054; x_wconf 85' lang='lat' dir='ltr'><strong>v.</strong></span> <span class='ocrx_word' id='word_1_177' title='bbox 774 4001 856 4056; x_wconf 79' lang='grc' dir='ltr'>Αὐτός</span> <span class='ocrx_word' id='word_1_178' title='bbox 878 4023 903 4055; x_wconf 83' lang='grc' dir='ltr'>τι</span> <span class='ocrx_word' id='word_1_179' title='bbox 926 4012 956 4057; x_wconf 89' lang='lat' dir='ltr'>et</span> <span class='ocrx_word' id='word_1_180' title='bbox 975 4003 1025 4057; x_wconf 85' lang='grc' dir='ltr'>Σὺν</span> <span class='ocrx_word' id='word_1_181' title='bbox 1041 4003 1136 4075; x_wconf 70' lang='grc' dir='ltr'>Ἀθήνη</span> <span class='ocrx_word' id='word_1_182' title='bbox 1159 4006 1318 4065; x_wconf 69' lang='lat' dir='ltr'>emendate</span> 
     </span>
     <span class='ocr_line' id='line_1_30' title="bbox 213 4093 1320 4179; baseline -0.001 -17"><span class='ocrx_word' id='word_1_183' title='bbox 213 4104 347 4179; x_wconf 76' lang='lat' dir='ltr'><strong>scriptus,</strong></span> <span class='ocrx_word' id='word_1_184' title='bbox 363 4104 446 4158; x_wconf 79' lang='grc' dir='ltr'>Αὐτός</span> <span class='ocrx_word' id='word_1_185' title='bbox 459 4124 484 4154; x_wconf 90' lang='grc' dir='ltr'>τι</span> <span class='ocrx_word' id='word_1_186' title='bbox 499 4105 543 4155; x_wconf 86' lang='grc' dir='ltr'>νῦν</span> <span class='ocrx_word' id='word_1_187' title='bbox 557 4100 625 4171; x_wconf 80' lang='grc' dir='ltr'>δρῶν</span> <span class='ocrx_word' id='word_1_188' title='bbox 639 4093 694 4152; x_wconf 79' lang='grc' dir='ltr'>εἶτα</span> <span class='ocrx_word' id='word_1_189' title='bbox 711 4098 831 4169; x_wconf 80' lang='grc' dir='ltr'>δαίμονας</span> <span class='ocrx_word' id='word_1_190' title='bbox 845 4100 926 4153; x_wconf 78' lang='grc' dir='ltr'>κάλει.</span> <span class='ocrx_word' id='word_1_191' title='bbox 953 4100 1037 4158; x_wconf 81' lang='lat' dir='ltr'><strong>Alter</strong></span> <span class='ocrx_word' id='word_1_192' title='bbox 1050 4120 1152 4159; x_wconf 76' lang='lat' dir='ltr'><strong>versus</strong></span> <span class='ocrx_word' id='word_1_193' title='bbox 1165 4103 1287 4160; x_wconf 77' lang='lat' dir='ltr'>affertur</span> <span class='ocrx_word' id='word_1_194' title='bbox 1301 4124 1320 4162; x_wconf 75' lang='lat' dir='ltr'>a</span> 
     </span>
    </p>
   </div>
   <div class='ocr_carea' id='block_1_15' title="bbox 212 4193 1318 4369">
    <p class='ocr_par' dir='ltr' id='par_1_19' title="bbox 212 4193 1318 4369">
     <span class='ocr_line' id='line_1_31' title="bbox 213 4193 1318 4279; baseline -0.01 -19"><span class='ocrx_word' id='word_1_195' title='bbox 213 4201 331 4260; x_wconf 85' lang='lat' dir='ltr'>Stobaeo</span> <span class='ocrx_word' id='word_1_196' title='bbox 344 4217 391 4275; x_wconf 87' lang='lat'><strong>29.</strong></span> <span class='ocrx_word' id='word_1_197' title='bbox 403 4218 431 4273; x_wconf 93' lang='lat' dir='ltr'><strong>p.</strong></span> <span class='ocrx_word' id='word_1_198' title='bbox 448 4215 511 4273; x_wconf 87' lang='lat'>¹99·</span> <span class='ocrx_word' id='word_1_199' title='bbox 534 4195 584 4252; x_wconf 85' lang='lat' dir='ltr'>sed</span> <span class='ocrx_word' id='word_1_200' title='bbox 600 4214 634 4252; x_wconf 87' lang='lat' dir='ltr'>ex</span> <span class='ocrx_word' id='word_1_201' title='bbox 649 4193 795 4270; x_wconf 85' lang='lat' dir='ltr'><strong>Euripidis</strong></span> <span class='ocrx_word' id='word_1_202' title='bbox 807 4195 978 4272; x_wconf 84' lang='lat' dir='ltr'><strong>Hippolyto.</strong></span> <span class='ocrx_word' id='word_1_203' title='bbox 1023 4198 1066 4254; x_wconf 81' lang='lat' dir='ltr'>Ex</span> <span class='ocrx_word' id='word_1_204' title='bbox 1081 4198 1221 4277; x_wconf 82' lang='lat' dir='ltr'><strong>Euripide</strong></span> <span class='ocrx_word' id='word_1_205' title='bbox 1235 4203 1318 4279; x_wconf 87' lang='lat' dir='ltr'><strong>Apo.</strong></span> 
     </span>
     <span class='ocr_line' id='line_1_32' title="bbox 212 4294 674 4369; baseline -0.015 -14"><span class='ocrx_word' id='word_1_206' title='bbox 212 4299 314 4357; x_wconf 79' lang='lat' dir='ltr'><strong>stulius</strong></span> <span class='ocrx_word' id='word_1_207' title='bbox 329 4297 411 4360; x_wconf 85' lang='lat' dir='ltr'>XIX,</span> <span class='ocrx_word' id='word_1_208' title='bbox 427 4310 473 4369; x_wconf 79' lang='grc'>75.</span> <span class='ocrx_word' id='word_1_209' title='bbox 489 4294 539 4351; x_wconf 85' lang='lat' dir='ltr'>ubi</span> <span class='ocrx_word' id='word_1_210' title='bbox 552 4297 593 4349; x_wconf 79' lang='grc' dir='ltr'>καὶ</span> <span class='ocrx_word' id='word_1_211' title='bbox 606 4295 674 4349; x_wconf 79' lang='grc' dir='ltr'>θεὸς.</span> 
     </span>
    </p>
   </div>
   <div class='ocr_carea' id='block_1_16' title="bbox 0 0 1430 4898">
    <p class='ocr_par' dir='ltr' id='par_1_20' title="bbox 0 0 1430 4898">
     <span class='ocr_line' id='line_1_33' title="bbox 0 0 1430 4898; baseline 0 0"><span class='ocrx_word' id='word_1_212' title='bbox 0 0 1430 4898; x_wconf 95' lang='lat' dir='ltr'> </span> 
     </span>
    </p>
   </div>
  </div>
 </body>
</html>
