<?xml version="1.0" encoding="UTF-8"?>
<!DOCTYPE html PUBLIC "-//W3C//DTD XHTML 1.0 Transitional//EN"
    "http://www.w3.org/TR/xhtml1/DTD/xhtml1-transitional.dtd">
<html xmlns="http://www.w3.org/1999/xhtml" xml:lang="en" lang="en">
 <head>
  <title>
</title>
<meta http-equiv="Content-Type" content="text/html;charset=utf-8" />
  <meta name='ocr-system' content='tesseract 3.04.00' />
  <meta name='ocr-capabilities' content='ocr_page ocr_carea ocr_par ocr_line ocrx_word'/>
</head>
<body>
  <div class='ocr_page' id='page_1' title='image "./tragoediaesuper00eurigoog_0503.png"; bbox 0 0 2850 4898; ppageno 0'>
   <div class='ocr_carea' id='block_1_1' title="bbox 482 276 826 340">
    <p class='ocr_par' dir='ltr' id='par_1_1' title="bbox 482 276 826 340">
     <span class='ocr_line' id='line_1_1' title="bbox 482 276 826 340; baseline -0.023 1"><span class='ocrx_word' id='word_1_1' title='bbox 482 276 826 340; x_wconf 87' lang='grc' dir='ltr'>ΑΠΟΣΠΑΣΜΑΤΙΑ.</span> 
     </span>
    </p>
   </div>
   <div class='ocr_carea' id='block_1_2' title="bbox 138 462 654 614">
    <p class='ocr_par' dir='ltr' id='par_1_2' title="bbox 138 462 654 614">
     <span class='ocr_line' id='line_1_2' title="bbox 138 462 654 614; baseline -0.014 -15"><span class='ocrx_word' id='word_1_2' title='bbox 138 540 271 599; x_wconf 85' lang='lat' dir='ltr'><strong>Stobaena</strong></span> <span class='ocrx_word' id='word_1_3' title='bbox 284 556 314 613; x_wconf 87' lang='lat'>9.</span> <span class='ocrx_word' id='word_1_4' title='bbox 329 557 360 614; x_wconf 89' lang='lat' dir='ltr'>p.</span> <span class='ocrx_word' id='word_1_5' title='bbox 380 554 444 593; x_wconf 92' lang='grc' dir='ltr'>1ο1.</span> <span class='ocrx_word' id='word_1_6' title='bbox 634 462 654 528; x_wconf 72' lang='grc'><em>5</em></span> 
     </span>
    </p>
   </div>
   <div class='ocr_carea' id='block_1_3' title="bbox 183 628 844 818">
    <p class='ocr_par' dir='ltr' id='par_1_3' title="bbox 183 628 844 818">
     <span class='ocr_line' id='line_1_3' title="bbox 183 628 748 710; baseline -0.016 -12"><span class='ocrx_word' id='word_1_7' title='bbox 183 635 236 701; x_wconf 80' lang='lat' dir='ltr'><strong>Ele</strong></span> <span class='ocrx_word' id='word_1_8' title='bbox 249 657 296 695; x_wconf 89' lang='grc' dir='ltr'>τοι</span> <span class='ocrx_word' id='word_1_9' title='bbox 310 633 421 697; x_wconf 90' lang='grc' dir='ltr'>δίκαιος</span> <span class='ocrx_word' id='word_1_10' title='bbox 434 631 545 710; x_wconf 81' lang='grc' dir='ltr'>μυρίων</span> <span class='ocrx_word' id='word_1_11' title='bbox 559 628 612 691; x_wconf 83' lang='grc' dir='ltr'>οὐκ</span> <span class='ocrx_word' id='word_1_12' title='bbox 627 628 748 690; x_wconf 76' lang='grc' dir='ltr'>ἐνδίκων</span> 
     </span>
     <span class='ocr_line' id='line_1_4' title="bbox 184 727 844 818; baseline -0.017 -19"><span class='ocrx_word' id='word_1_13' title='bbox 184 739 293 818; x_wconf 87' lang='grc' dir='ltr'>κρατεῖ,</span> <span class='ocrx_word' id='word_1_14' title='bbox 309 732 343 795; x_wconf 88' lang='grc' dir='ltr'>τδ</span> <span class='ocrx_word' id='word_1_15' title='bbox 359 737 441 796; x_wconf 88' lang='grc' dir='ltr'>θεῖον</span> <span class='ocrx_word' id='word_1_16' title='bbox 456 731 510 809; x_wconf 74' lang='grc' dir='ltr'>τὴν</span> <span class='ocrx_word' id='word_1_17' title='bbox 525 730 607 808; x_wconf 87' lang='grc' dir='ltr'>δίκην</span> <span class='ocrx_word' id='word_1_18' title='bbox 622 752 654 791; x_wconf 88' lang='grc' dir='ltr'>τε</span> <span class='ocrx_word' id='word_1_19' title='bbox 670 727 844 805; x_wconf 80' lang='grc' dir='ltr'>συλλαβών.</span> 
     </span>
    </p>
   </div>
   <div class='ocr_carea' id='block_1_4' title="bbox 638 866 658 927">
    <p class='ocr_par' dir='ltr' id='par_1_4' title="bbox 638 866 658 927">
     <span class='ocr_line' id='line_1_5' title="bbox 638 866 658 927; baseline 0 0"><span class='ocrx_word' id='word_1_20' title='bbox 638 866 658 927; x_wconf 90' lang='grc'><strong><em>6</em></strong></span> 
     </span>
    </p>
   </div>
   <div class='ocr_carea' id='block_1_5' title="bbox 102 950 1202 1824">
    <p class='ocr_par' dir='ltr' id='par_1_5' title="bbox 139 950 1196 1238">
     <span class='ocr_line' id='line_1_6' title="bbox 139 950 1196 1031; baseline -0.008 -12"><span class='ocrx_word' id='word_1_21' title='bbox 139 962 269 1019; x_wconf 85' lang='lat' dir='ltr'><strong>Joannes</strong></span> <span class='ocrx_word' id='word_1_22' title='bbox 279 958 414 1016; x_wconf 76' lang='lat' dir='ltr'>Damaso.</span> <span class='ocrx_word' id='word_1_23' title='bbox 426 955 457 1013; x_wconf 87' lang='lat' dir='ltr'>in</span> <span class='ocrx_word' id='word_1_24' title='bbox 469 952 614 1012; x_wconf 82' lang='lat' dir='ltr'><strong>Gaiafordi</strong></span> <span class='ocrx_word' id='word_1_25' title='bbox 625 951 750 1029; x_wconf 82' lang='lat' dir='ltr'><strong>append.</strong></span> <span class='ocrx_word' id='word_1_26' title='bbox 762 950 798 1009; x_wconf 89' lang='lat' dir='ltr'>ad</span> <span class='ocrx_word' id='word_1_27' title='bbox 811 950 961 1009; x_wconf 79' lang='lat' dir='ltr'><strong>waaenm</strong></span> <span class='ocrx_word' id='word_1_28' title='bbox 972 953 1031 1010; x_wconf 86' lang='lat' dir='ltr'>vol.</span> <span class='ocrx_word' id='word_1_29' title='bbox 1043 953 1094 1010; x_wconf 91' lang='lat' dir='ltr'>IV.</span> <span class='ocrx_word' id='word_1_30' title='bbox 1105 974 1134 1031; x_wconf 89' lang='lat' dir='ltr'>p.</span> <span class='ocrx_word' id='word_1_31' title='bbox 1152 972 1196 1011; x_wconf 88' lang='lat'>11.</span> 
     </span>
     <span class='ocr_line' id='line_1_7' title="bbox 181 1045 914 1133; baseline -0.011 -14"><span class='ocrx_word' id='word_1_32' title='bbox 181 1052 290 1119; x_wconf 81' lang='grc' dir='ltr'>Ὅστις</span> <span class='ocrx_word' id='word_1_33' title='bbox 303 1051 388 1133; x_wconf 81' lang='grc' dir='ltr'>λέγει</span> <span class='ocrx_word' id='word_1_34' title='bbox 402 1052 458 1131; x_wconf 73' lang='grc' dir='ltr'>μὲν</span> <span class='ocrx_word' id='word_1_35' title='bbox 474 1050 518 1128; x_wconf 76' lang='grc' dir='ltr'>εὖ,</span> <span class='ocrx_word' id='word_1_36' title='bbox 534 1046 610 1112; x_wconf 80' lang='grc' dir='ltr'>τὰδ’</span> <span class='ocrx_word' id='word_1_37' title='bbox 627 1048 691 1129; x_wconf 78' lang='grc' dir='ltr'>ἔργ’</span> <span class='ocrx_word' id='word_1_38' title='bbox 707 1045 754 1128; x_wconf 78' lang='grc' dir='ltr'>ἐφ’</span> <span class='ocrx_word' id='word_1_39' title='bbox 770 1048 815 1114; x_wconf 84' lang='grc' dir='ltr'>οῖς</span> <span class='ocrx_word' id='word_1_40' title='bbox 828 1046 914 1129; x_wconf 76' lang='grc' dir='ltr'>λέγει</span> 
     </span>
     <span class='ocr_line' id='line_1_8' title="bbox 187 1149 867 1238; baseline -0.012 -18"><span class='ocrx_word' id='word_1_41' title='bbox 187 1153 286 1238; x_wconf 83' lang='grc' dir='ltr'>αἴσχρ’</span> <span class='ocrx_word' id='word_1_42' title='bbox 303 1155 386 1218; x_wconf 74' lang='grc' dir='ltr'>ἐστὶν</span> <span class='ocrx_word' id='word_1_43' title='bbox 396 1154 494 1224; x_wconf 78' lang='grc' dir='ltr'>αὐτοῦ,</span> <span class='ocrx_word' id='word_1_44' title='bbox 510 1155 616 1214; x_wconf 71' lang='grc' dir='ltr'>τοῦτον</span> <span class='ocrx_word' id='word_1_45' title='bbox 631 1150 683 1213; x_wconf 82' lang='grc' dir='ltr'>οὐκ</span> <span class='ocrx_word' id='word_1_46' title='bbox 698 1153 769 1213; x_wconf 84' lang='grc' dir='ltr'>αῖνῶ</span> <span class='ocrx_word' id='word_1_47' title='bbox 784 1149 867 1213; x_wconf 81' lang='grc' dir='ltr'>ποτέ.</span> 
     </span>
    </p>

    <p class='ocr_par' dir='ltr' id='par_1_6' title="bbox 102 1284 1202 1824">
     <span class='ocr_line' id='line_1_9' title="bbox 143 1284 1200 1434; baseline -0.003 -16"><span class='ocrx_word' id='word_1_48' title='bbox 143 1359 249 1418; x_wconf 72' lang='lat' dir='ltr'><strong>Strabo</strong></span> <span class='ocrx_word' id='word_1_49' title='bbox 262 1359 301 1417; x_wconf 87' lang='grc' dir='ltr'>Χ.</span> <span class='ocrx_word' id='word_1_50' title='bbox 315 1377 344 1434; x_wconf 85' lang='lat' dir='ltr'>p.</span> <span class='ocrx_word' id='word_1_51' title='bbox 362 1375 419 1433; x_wconf 85' lang='lat'>720</span> <span class='ocrx_word' id='word_1_52' title='bbox 434 1376 458 1414; x_wconf 88' lang='lat' dir='ltr'>c.</span> <span class='ocrx_word' id='word_1_53' title='bbox 473 1356 619 1413; x_wconf 85' lang='lat' dir='ltr'><strong>Almelov.</strong></span> <span class='ocrx_word' id='word_1_54' title='bbox 639 1284 694 1426; x_wconf 61' lang='grc' dir='ltr'>ἲΓήν</span> <span class='ocrx_word' id='word_1_55' title='bbox 714 1356 844 1411; x_wconf 77' lang='grc' dir='ltr'>κοινωνίαν</span> <span class='ocrx_word' id='word_1_56' title='bbox 862 1361 915 1410; x_wconf 84' lang='grc' dir='ltr'>τῶν</span> <span class='ocrx_word' id='word_1_57' title='bbox 934 1359 993 1431; x_wconf 80' lang='grc' dir='ltr'>περὶ</span> <span class='ocrx_word' id='word_1_58' title='bbox 1011 1361 1055 1414; x_wconf 83' lang='grc' dir='ltr'>τὸν</span> <span class='ocrx_word' id='word_1_59' title='bbox 1072 1363 1200 1415; x_wconf 89' lang='grc' dir='ltr'>Διόνυσον</span> 
     </span>
     <span class='ocr_line' id='line_1_10' title="bbox 102 1452 1200 1529; baseline -0.002 -16"><span class='ocrx_word' id='word_1_60' title='bbox 102 1458 307 1529; x_wconf 78' lang='grc' dir='ltr'>ἀποδειχθέντων</span> <span class='ocrx_word' id='word_1_61' title='bbox 321 1458 395 1529; x_wconf 81' lang='grc' dir='ltr'>ίερῶν</span> <span class='ocrx_word' id='word_1_62' title='bbox 415 1455 527 1525; x_wconf 80' lang='grc' dir='ltr'>νομίμων</span> <span class='ocrx_word' id='word_1_63' title='bbox 546 1455 617 1525; x_wconf 87' lang='grc' dir='ltr'>πορδ</span> <span class='ocrx_word' id='word_1_64' title='bbox 636 1456 691 1509; x_wconf 84' lang='grc' dir='ltr'>τοῖς</span> <span class='ocrx_word' id='word_1_65' title='bbox 700 1452 815 1522; x_wconf 76' lang='grc' dir='ltr'>Ἕλλησι</span> <span class='ocrx_word' id='word_1_66' title='bbox 835 1455 875 1507; x_wconf 85' lang='grc' dir='ltr'>καῖ</span> <span class='ocrx_word' id='word_1_67' title='bbox 896 1459 947 1508; x_wconf 78' lang='grc' dir='ltr'>τῶν</span> <span class='ocrx_word' id='word_1_68' title='bbox 966 1457 1036 1528; x_wconf 79' lang='grc' dir='ltr'>παρὰ</span> <span class='ocrx_word' id='word_1_69' title='bbox 1052 1461 1107 1513; x_wconf 85' lang='grc' dir='ltr'>τοῖς</span> <span class='ocrx_word' id='word_1_70' title='bbox 1119 1459 1200 1529; x_wconf 79' lang='grc' dir='ltr'>Φρυξὶ</span> 
     </span>
     <span class='ocr_line' id='line_1_11' title="bbox 102 1550 1202 1630; baseline -0.002 -18"><span class='ocrx_word' id='word_1_71' title='bbox 102 1558 162 1630; x_wconf 76' lang='grc' dir='ltr'>περὶ</span> <span class='ocrx_word' id='word_1_72' title='bbox 174 1557 221 1625; x_wconf 83' lang='grc' dir='ltr'>τήν</span> <span class='ocrx_word' id='word_1_73' title='bbox 229 1556 326 1629; x_wconf 79' lang='grc' dir='ltr'>μητέρα</span> <span class='ocrx_word' id='word_1_74' title='bbox 338 1558 390 1608; x_wconf 83' lang='grc' dir='ltr'>τῶν</span> <span class='ocrx_word' id='word_1_75' title='bbox 403 1554 468 1608; x_wconf 82' lang='grc' dir='ltr'>θεῶν</span> <span class='ocrx_word' id='word_1_76' title='bbox 481 1556 629 1607; x_wconf 81' lang='grc' dir='ltr'>συνοικειῶν</span> <span class='ocrx_word' id='word_1_77' title='bbox 641 1550 765 1620; x_wconf 76' lang='grc' dir='ltr'>ἀλλήλαις</span> <span class='ocrx_word' id='word_1_78' title='bbox 780 1552 920 1622; x_wconf 77' lang='grc' dir='ltr'>Εὐριπίδης</span> <span class='ocrx_word' id='word_1_79' title='bbox 938 1574 968 1606; x_wconf 90' lang='grc' dir='ltr'>τε</span> <span class='ocrx_word' id='word_1_80' title='bbox 981 1553 1009 1608; x_wconf 77' lang='grc' dir='ltr'>ἐν</span> <span class='ocrx_word' id='word_1_81' title='bbox 1021 1556 1078 1610; x_wconf 88' lang='grc' dir='ltr'>τοῖς</span> <span class='ocrx_word' id='word_1_82' title='bbox 1091 1557 1202 1624; x_wconf 85' lang='grc' dir='ltr'>Βάκχαις</span> 
     </span>
     <span class='ocr_line' id='line_1_12' title="bbox 103 1646 1200 1726; baseline -0.003 -18"><span class='ocrx_word' id='word_1_83' title='bbox 103 1656 136 1708; x_wconf 78' lang='grc' dir='ltr'>τὰ</span> <span class='ocrx_word' id='word_1_84' title='bbox 149 1652 318 1726; x_wconf 82' lang='grc' dir='ltr'>ποροπλήσια</span> <span class='ocrx_word' id='word_1_85' title='bbox 330 1654 400 1706; x_wconf 86' lang='grc' dir='ltr'>ποιεῖ</span> <span class='ocrx_word' id='word_1_86' title='bbox 412 1657 431 1681; x_wconf 80' lang='grc'>“</span> <span class='ocrx_word' id='word_1_87' title='bbox 446 1651 484 1705; x_wconf 80' lang='grc' dir='ltr'>Οὐ</span> <span class='ocrx_word' id='word_1_88' title='bbox 494 1650 544 1704; x_wconf 74' lang='grc' dir='ltr'>σὺν</span> <span class='ocrx_word' id='word_1_89' title='bbox 555 1647 674 1722; x_wconf 77' lang='grc' dir='ltr'>Διονύσῳ</span> <span class='ocrx_word' id='word_1_90' title='bbox 684 1652 774 1718; x_wconf 82' lang='grc' dir='ltr'>κωμῶν</span> <span class='ocrx_word' id='word_1_91' title='bbox 787 1646 816 1704; x_wconf 83' lang='grc' dir='ltr'>δς</span> <span class='ocrx_word' id='word_1_92' title='bbox 825 1646 863 1702; x_wconf 81' lang='grc' dir='ltr'>ἀν’</span> <span class='ocrx_word' id='word_1_93' title='bbox 871 1646 945 1703; x_wconf 82' lang='grc' dir='ltr'>Ἴδαν</span> <span class='ocrx_word' id='word_1_94' title='bbox 954 1651 1075 1721; x_wconf 73' lang='grc' dir='ltr'>τέρπεται</span> <span class='ocrx_word' id='word_1_95' title='bbox 1089 1653 1139 1705; x_wconf 84' lang='grc' dir='ltr'>σὺν</span> <span class='ocrx_word' id='word_1_96' title='bbox 1151 1674 1200 1721; x_wconf 91' lang='grc' dir='ltr'>μο-</span> 
     </span>
     <span class='ocr_line' id='line_1_13' title="bbox 104 1746 513 1824; baseline -0.002 -18"><span class='ocrx_word' id='word_1_97' title='bbox 104 1753 146 1824; x_wconf 86' lang='grc' dir='ltr'>τρῖ</span> <span class='ocrx_word' id='word_1_98' title='bbox 159 1752 227 1823; x_wconf 75' lang='grc' dir='ltr'>φίλᾳ</span> <span class='ocrx_word' id='word_1_99' title='bbox 239 1751 376 1821; x_wconf 82' lang='grc' dir='ltr'>τυμπάνων</span> <span class='ocrx_word' id='word_1_100' title='bbox 388 1746 513 1819; x_wconf 75' lang='grc' dir='ltr'>ίόιιχοις.”</span> 
     </span>
    </p>
   </div>
   <div class='ocr_carea' id='block_1_6' title="bbox 644 1881 662 1943">
    <p class='ocr_par' dir='ltr' id='par_1_7' title="bbox 644 1881 662 1943">
     <span class='ocr_line' id='line_1_14' title="bbox 644 1881 662 1943; baseline 0 0"><span class='ocrx_word' id='word_1_101' title='bbox 644 1881 662 1943; x_wconf 92' lang='grc'><strong>8</strong></span> 
     </span>
    </p>
   </div>
   <div class='ocr_carea' id='block_1_7' title="bbox 106 1984 1207 2464">
    <p class='ocr_par' dir='ltr' id='par_1_8' title="bbox 106 1984 1207 2464">
     <span class='ocr_line' id='line_1_15' title="bbox 147 1984 1204 2061; baseline -0.002 -14"><span class='ocrx_word' id='word_1_102' title='bbox 147 1990 337 2047; x_wconf 80' lang='lat' dir='ltr'>Philostratus</span> <span class='ocrx_word' id='word_1_103' title='bbox 353 1987 469 2044; x_wconf 88' lang='lat' dir='ltr'><strong>Heroie.</strong></span> <span class='ocrx_word' id='word_1_104' title='bbox 483 2005 512 2061; x_wconf 91' lang='lat' dir='ltr'>p.</span> <span class='ocrx_word' id='word_1_105' title='bbox 527 1984 595 2058; x_wconf 90' lang='lat'><strong>718.</strong></span> <span class='ocrx_word' id='word_1_106' title='bbox 617 1985 715 2042; x_wconf 87' lang='lat' dir='ltr'><strong>Olear.</strong></span> <span class='ocrx_word' id='word_1_107' title='bbox 728 2005 757 2061; x_wconf 94' lang='lat' dir='ltr'>p.</span> <span class='ocrx_word' id='word_1_108' title='bbox 774 1986 838 2043; x_wconf 83' lang='lat'><strong>168.</strong></span> <span class='ocrx_word' id='word_1_109' title='bbox 859 1986 992 2046; x_wconf 84' lang='lat' dir='ltr'><strong>Boisson.</strong></span> <span class='ocrx_word' id='word_1_110' title='bbox 1011 1988 1091 2044; x_wconf 82' lang='grc' dir='ltr'>ὀθεν</span> <span class='ocrx_word' id='word_1_111' title='bbox 1104 1992 1204 2046; x_wconf 82' lang='grc' dir='ltr'>καὶτὸν</span> 
     </span>
     <span class='ocr_line' id='line_1_16' title="bbox 106 2084 1189 2163; baseline -0.003 -17"><span class='ocrx_word' id='word_1_112' title='bbox 106 2091 200 2163; x_wconf 80' lang='grc' dir='ltr'>θρῆνον</span> <span class='ocrx_word' id='word_1_113' title='bbox 214 2089 259 2141; x_wconf 89' lang='grc' dir='ltr'>τδν</span> <span class='ocrx_word' id='word_1_114' title='bbox 267 2084 328 2157; x_wconf 84' lang='grc' dir='ltr'>παρ’</span> <span class='ocrx_word' id='word_1_115' title='bbox 342 2085 467 2157; x_wconf 77' lang='grc' dir='ltr'>Εὐριπίδῃ</span> <span class='ocrx_word' id='word_1_116' title='bbox 482 2085 586 2148; x_wconf 83' lang='grc' dir='ltr'>ε’ποινεῖ,</span> <span class='ocrx_word' id='word_1_117' title='bbox 602 2086 681 2138; x_wconf 89' lang='grc' dir='ltr'>όπότε</span> <span class='ocrx_word' id='word_1_118' title='bbox 694 2084 833 2156; x_wconf 75' lang='grc' dir='ltr'>Εὐριπίδης</span> <span class='ocrx_word' id='word_1_119' title='bbox 846 2087 873 2140; x_wconf 79' lang='grc' dir='ltr'>ἐν</span> <span class='ocrx_word' id='word_1_120' title='bbox 885 2088 1059 2158; x_wconf 86' lang='grc' dir='ltr'>Παλαμήδους</span> <span class='ocrx_word' id='word_1_121' title='bbox 1071 2090 1189 2158; x_wconf 85' lang='grc' dir='ltr'>με’λεσιν,</span> 
     </span>
     <span class='ocr_line' id='line_1_17' title="bbox 195 2176 1051 2260; baseline 0 -15"><span class='ocrx_word' id='word_1_122' title='bbox 195 2179 338 2245; x_wconf 86' lang='grc' dir='ltr'>Ἐκόνετε</span> <span class='ocrx_word' id='word_1_123' title='bbox 356 2178 475 2260; x_wconf 82' lang='grc' dir='ltr'>(φησὶν)</span> <span class='ocrx_word' id='word_1_124' title='bbox 494 2176 615 2240; x_wconf 75' lang='grc' dir='ltr'>ἐκάνετε</span> <span class='ocrx_word' id='word_1_125' title='bbox 628 2181 684 2241; x_wconf 79' lang='grc' dir='ltr'>τᾶν</span> <span class='ocrx_word' id='word_1_126' title='bbox 697 2176 870 2260; x_wconf 81' lang='grc' dir='ltr'>πάνσοφον,</span> <span class='ocrx_word' id='word_1_127' title='bbox 886 2177 909 2243; x_wconf 79' lang='grc' dir='ltr'><em>ὦ</em></span> <span class='ocrx_word' id='word_1_128' title='bbox 925 2183 1051 2255; x_wconf 86' lang='grc' dir='ltr'>Δαναοὶ,</span> 
     </span>
     <span class='ocr_line' id='line_1_18' title="bbox 195 2280 836 2361; baseline -0.006 -13"><span class='ocrx_word' id='word_1_129' title='bbox 195 2287 250 2348; x_wconf 82' lang='grc' dir='ltr'>τδν</span> <span class='ocrx_word' id='word_1_130' title='bbox 265 2283 352 2345; x_wconf 71' lang='grc' dir='ltr'>οὐδὲν</span> <span class='ocrx_word' id='word_1_131' title='bbox 366 2281 558 2361; x_wconf 78' lang='grc' dir='ltr'>θλγόνουσαν</span> <span class='ocrx_word' id='word_1_132' title='bbox 572 2280 683 2359; x_wconf 77' lang='grc' dir='ltr'>ἀηδόνα</span> <span class='ocrx_word' id='word_1_133' title='bbox 698 2285 836 2346; x_wconf 79' lang='grc' dir='ltr'>Μουσᾶν.</span> 
     </span>
     <span class='ocr_line' id='line_1_19' title="bbox 109 2382 1207 2464; baseline -0.004 -18"><span class='ocrx_word' id='word_1_134' title='bbox 109 2393 151 2446; x_wconf 82' lang='grc' dir='ltr'>καὶ</span> <span class='ocrx_word' id='word_1_135' title='bbox 163 2391 196 2445; x_wconf 84' lang='grc' dir='ltr'>τδ</span> <span class='ocrx_word' id='word_1_136' title='bbox 214 2391 310 2461; x_wconf 75' lang='grc' dir='ltr'>ἐφεξῆς</span> <span class='ocrx_word' id='word_1_137' title='bbox 329 2390 440 2458; x_wconf 74' lang='grc' dir='ltr'>μᾶλλον,</span> <span class='ocrx_word' id='word_1_138' title='bbox 455 2386 483 2440; x_wconf 75' lang='grc' dir='ltr'>ἐν</span> <span class='ocrx_word' id='word_1_139' title='bbox 502 2382 541 2442; x_wconf 83' lang='grc' dir='ltr'>οἶς</span> <span class='ocrx_word' id='word_1_140' title='bbox 561 2389 630 2457; x_wconf 77' lang='grc' dir='ltr'>φησι</span> <span class='ocrx_word' id='word_1_141' title='bbox 648 2388 689 2441; x_wconf 77' lang='grc' dir='ltr'>καί</span> <span class='ocrx_word' id='word_1_142' title='bbox 709 2385 749 2441; x_wconf 84' lang='grc' dir='ltr'>ὅτι</span> <span class='ocrx_word' id='word_1_143' title='bbox 769 2389 919 2445; x_wconf 80' lang='grc' dir='ltr'>πεισθέντες</span> <span class='ocrx_word' id='word_1_144' title='bbox 936 2389 1062 2463; x_wconf 77' lang='grc' dir='ltr'>ἀνθρώπῳ</span> <span class='ocrx_word' id='word_1_145' title='bbox 1075 2390 1149 2464; x_wconf 72' lang='grc' dir='ltr'>δεινῷ</span> <span class='ocrx_word' id='word_1_146' title='bbox 1166 2391 1207 2443; x_wconf 74' lang='lat' dir='ltr'><strong>eal</strong></span> 
     </span>
    </p>
   </div>
   <div class='ocr_carea' id='block_1_8' title="bbox 109 2482 1218 4138">
    <p class='ocr_par' dir='ltr' id='par_1_9' title="bbox 109 2482 1218 4138">
     <span class='ocr_line' id='line_1_20' title="bbox 109 2482 1205 2561; baseline -0.002 -17"><span class='ocrx_word' id='word_1_147' title='bbox 109 2489 207 2545; x_wconf 77' lang='grc' dir='ltr'>ἀναιδεῖ</span> <span class='ocrx_word' id='word_1_148' title='bbox 218 2489 291 2560; x_wconf 77' lang='grc' dir='ltr'>λόγῳ</span> <span class='ocrx_word' id='word_1_149' title='bbox 304 2489 385 2539; x_wconf 80' lang='grc' dir='ltr'>τοῦτο</span> <span class='ocrx_word' id='word_1_150' title='bbox 398 2484 529 2556; x_wconf 83' lang='grc' dir='ltr'>δράσειαν.</span> <span class='ocrx_word' id='word_1_151' title='bbox 559 2482 682 2540; x_wconf 89' lang='lat' dir='ltr'><strong>“Iidem</strong></span> <span class='ocrx_word' id='word_1_152' title='bbox 696 2502 797 2541; x_wconf 82' lang='lat' dir='ltr'><strong>versus</strong></span> <span class='ocrx_word' id='word_1_153' title='bbox 807 2484 935 2541; x_wconf 77' lang='lat' dir='ltr'><strong>citantur</strong></span> <span class='ocrx_word' id='word_1_154' title='bbox 946 2485 1082 2542; x_wconf 86' lang='lat' dir='ltr'><strong>aTzetze</strong></span> <span class='ocrx_word' id='word_1_155' title='bbox 1097 2485 1132 2542; x_wconf 89' lang='lat' dir='ltr'>ad</span> <span class='ocrx_word' id='word_1_156' title='bbox 1148 2484 1205 2561; x_wconf 85' lang='lat' dir='ltr'>Ly·</span> 
     </span>
     <span class='ocr_line' id='line_1_21' title="bbox 111 2578 1207 2661; baseline -0.004 -18"><span class='ocrx_word' id='word_1_157' title='bbox 111 2584 210 2661; x_wconf 86' lang='lat' dir='ltr'><strong>cophr.</strong></span> <span class='ocrx_word' id='word_1_158' title='bbox 232 2583 301 2656; x_wconf 83' lang='lat'><strong>384.</strong></span> <span class='ocrx_word' id='word_1_159' title='bbox 321 2599 402 2658; x_wconf 86' lang='lat' dir='ltr'><strong>exeg.</strong></span> <span class='ocrx_word' id='word_1_160' title='bbox 422 2580 453 2636; x_wconf 88' lang='lat' dir='ltr'>in</span> <span class='ocrx_word' id='word_1_161' title='bbox 471 2578 553 2637; x_wconf 82' lang='lat' dir='ltr'><strong>Iliad.</strong></span> <span class='ocrx_word' id='word_1_162' title='bbox 572 2601 602 2657; x_wconf 96' lang='lat' dir='ltr'>p.</span> <span class='ocrx_word' id='word_1_163' title='bbox 616 2599 665 2653; x_wconf 90' lang='lat'>44.</span> <span class='ocrx_word' id='word_1_164' title='bbox 691 2581 775 2659; x_wconf 83' lang='lat' dir='ltr'><strong>Diog.</strong></span> <span class='ocrx_word' id='word_1_165' title='bbox 792 2581 825 2638; x_wconf 91' lang='lat' dir='ltr'>L.</span> <span class='ocrx_word' id='word_1_166' title='bbox 842 2582 880 2649; x_wconf 89' lang='grc' dir='ltr'>ΙΙ,</span> <span class='ocrx_word' id='word_1_167' title='bbox 894 2599 944 2655; x_wconf 89' lang='lat'>44.</span> <span class='ocrx_word' id='word_1_168' title='bbox 972 2585 1086 2640; x_wconf 87' lang='lat' dir='ltr'>Auctor</span> <span class='ocrx_word' id='word_1_169' title='bbox 1096 2600 1207 2660; x_wconf 84' lang='lat' dir='ltr'><strong>argum.</strong></span> 
     </span>
     <span class='ocr_line' id='line_1_22' title="bbox 112 2677 1208 2752; baseline -0.004 -12"><span class='ocrx_word' id='word_1_170' title='bbox 112 2682 201 2740; x_wconf 74' lang='lat' dir='ltr'><strong>Isocr.</strong></span> <span class='ocrx_word' id='word_1_171' title='bbox 222 2679 317 2736; x_wconf 83' lang='lat' dir='ltr'><strong>Busir.</strong></span> <span class='ocrx_word' id='word_1_172' title='bbox 333 2678 395 2735; x_wconf 85' lang='lat' dir='ltr'>haec</span> <span class='ocrx_word' id='word_1_173' title='bbox 415 2677 515 2744; x_wconf 78' lang='lat' dir='ltr'><strong>habet,</strong></span> <span class='ocrx_word' id='word_1_174' title='bbox 538 2679 647 2744; x_wconf 84' lang='grc' dir='ltr'>εἰιόνετε,</span> <span class='ocrx_word' id='word_1_175' title='bbox 673 2680 773 2735; x_wconf 84' lang='grc' dir='ltr'>ε’κάνετε</span> <span class='ocrx_word' id='word_1_176' title='bbox 796 2685 848 2734; x_wconf 83' lang='grc' dir='ltr'>τῶν</span> <span class='ocrx_word' id='word_1_177' title='bbox 867 2679 1001 2750; x_wconf 68' lang='grc' dir='ltr'>Ἐλλήνων</span> <span class='ocrx_word' id='word_1_178' title='bbox 1024 2682 1070 2735; x_wconf 88' lang='grc' dir='ltr'>τὸν</span> <span class='ocrx_word' id='word_1_179' title='bbox 1091 2680 1208 2752; x_wconf 74' lang='grc' dir='ltr'>ἄριστον.</span> 
     </span>
     <span class='ocr_line' id='line_1_23' title="bbox 112 2775 1210 2853; baseline -0.005 -17"><span class='ocrx_word' id='word_1_180' title='bbox 112 2778 198 2848; x_wconf 89' lang='lat' dir='ltr'>Quod</span> <span class='ocrx_word' id='word_1_181' title='bbox 214 2775 325 2834; x_wconf 80' lang='lat' dir='ltr'><strong>addunt</strong></span> <span class='ocrx_word' id='word_1_182' title='bbox 343 2776 489 2853; x_wconf 79' lang='lat' dir='ltr'><strong>Diogenes</strong></span> <span class='ocrx_word' id='word_1_183' title='bbox 510 2787 540 2833; x_wconf 87' lang='lat' dir='ltr'><strong>et</strong></span> <span class='ocrx_word' id='word_1_184' title='bbox 559 2787 661 2832; x_wconf 82' lang='lat' dir='ltr'><strong>auctor</strong></span> <span class='ocrx_word' id='word_1_185' title='bbox 679 2794 789 2853; x_wconf 78' lang='lat' dir='ltr'><strong>argum.</strong></span> <span class='ocrx_word' id='word_1_186' title='bbox 804 2776 897 2834; x_wconf 86' lang='lat' dir='ltr'><strong>Busir.</strong></span> <span class='ocrx_word' id='word_1_187' title='bbox 912 2778 953 2832; x_wconf 80' lang='grc' dir='ltr'>ὅτι</span> <span class='ocrx_word' id='word_1_188' title='bbox 971 2780 1003 2833; x_wconf 76' lang='grc' dir='ltr'>τὸ</span> <span class='ocrx_word' id='word_1_189' title='bbox 1021 2779 1129 2849; x_wconf 77' lang='grc' dir='ltr'>θέατρον</span> <span class='ocrx_word' id='word_1_190' title='bbox 1142 2776 1210 2832; x_wconf 66' lang='grc' dir='ltr'>ὅπου</span> 
     </span>
     <span class='ocr_line' id='line_1_24' title="bbox 113 2872 1210 2949; baseline -0.001 -17"><span class='ocrx_word' id='word_1_191' title='bbox 113 2878 249 2948; x_wconf 81' lang='grc' dir='ltr'>ε’δόκρυσε,</span> <span class='ocrx_word' id='word_1_192' title='bbox 261 2875 326 2930; x_wconf 83' lang='grc' dir='ltr'>διότι</span> <span class='ocrx_word' id='word_1_193' title='bbox 334 2876 393 2946; x_wconf 79' lang='grc' dir='ltr'>περὶ</span> <span class='ocrx_word' id='word_1_194' title='bbox 402 2876 549 2947; x_wconf 80' lang='grc' dir='ltr'>Σωκράτους</span> <span class='ocrx_word' id='word_1_195' title='bbox 558 2873 686 2943; x_wconf 76' lang='grc' dir='ltr'>ᾐνίττετο,</span> <span class='ocrx_word' id='word_1_196' title='bbox 697 2872 834 2931; x_wconf 79' lang='lat' dir='ltr'><strong>refutavit</strong></span> <span class='ocrx_word' id='word_1_197' title='bbox 843 2873 946 2932; x_wconf 78' lang='lat' dir='ltr'><strong>Valck.</strong></span> <span class='ocrx_word' id='word_1_198' title='bbox 958 2874 1050 2931; x_wconf 77' lang='lat' dir='ltr'><strong>Diatr.</strong></span> <span class='ocrx_word' id='word_1_199' title='bbox 1059 2893 1088 2949; x_wconf 90' lang='lat' dir='ltr'>p.</span> <span class='ocrx_word' id='word_1_200' title='bbox 1104 2891 1158 2948; x_wconf 87' lang='lat'>190</span> <span class='ocrx_word' id='word_1_201' title='bbox 1168 2873 1210 2931; x_wconf 59' lang='grc' dir='ltr'>εἶ’</span> 
     </span>
     <span class='ocr_line' id='line_1_25' title="bbox 114 2975 277 3032; baseline -0.012 0"><span class='ocrx_word' id='word_1_202' title='bbox 114 2975 277 3032; x_wconf 70' lang='lat' dir='ltr'><strong>Mamaea.</strong></span> 
     </span>
     <span class='ocr_line' id='line_1_26' title="bbox 651 3101 671 3164; baseline 0 0"><span class='ocrx_word' id='word_1_203' title='bbox 651 3101 671 3164; x_wconf 86' lang='lat'>9</span> 
     </span>
     <span class='ocr_line' id='line_1_27' title="bbox 156 3169 1211 3250; baseline -0.009 -18"><span class='ocrx_word' id='word_1_204' title='bbox 156 3173 258 3232; x_wconf 83' lang='lat' dir='ltr'><strong>Pollux</strong></span> <span class='ocrx_word' id='word_1_205' title='bbox 272 3171 311 3237; x_wconf 88' lang='lat' dir='ltr'>X,</span> <span class='ocrx_word' id='word_1_206' title='bbox 332 3171 397 3242; x_wconf 86' lang='lat'><strong>146.</strong></span> <span class='ocrx_word' id='word_1_207' title='bbox 422 3171 472 3224; x_wconf 82' lang='lat' dir='ltr'>Kal</span> <span class='ocrx_word' id='word_1_208' title='bbox 488 3169 628 3241; x_wconf 79' lang='grc' dir='ltr'>Εὐριπίδης</span> <span class='ocrx_word' id='word_1_209' title='bbox 644 3171 691 3241; x_wconf 74' lang='grc' dir='ltr'>μὲν</span> <span class='ocrx_word' id='word_1_210' title='bbox 713 3171 740 3223; x_wconf 76' lang='grc' dir='ltr'>ἐν</span> <span class='ocrx_word' id='word_1_211' title='bbox 758 3169 909 3239; x_wconf 78' lang='grc' dir='ltr'>Παλαμήδει</span> <span class='ocrx_word' id='word_1_212' title='bbox 927 3173 999 3244; x_wconf 78' lang='grc' dir='ltr'>λέγει</span> <span class='ocrx_word' id='word_1_213' title='bbox 1012 3176 1099 3245; x_wconf 71' lang='grc' dir='ltr'>κώπην</span> <span class='ocrx_word' id='word_1_214' title='bbox 1111 3180 1211 3250; x_wconf 75' lang='grc' dir='ltr'>χρυσό.</span> 
     </span>
     <span class='ocr_line' id='line_1_28' title="bbox 116 3275 221 3327; baseline -0.019 0"><span class='ocrx_word' id='word_1_215' title='bbox 116 3275 221 3327; x_wconf 88' lang='grc' dir='ltr'>κολλαν.</span> 
     </span>
     <span class='ocr_line' id='line_1_29' title="bbox 646 3395 684 3439; baseline 0.026 -1"><span class='ocrx_word' id='word_1_216' title='bbox 646 3395 684 3439; x_wconf 87' lang='lat'>10</span> 
     </span>
     <span class='ocr_line' id='line_1_30' title="bbox 158 3465 1214 3545; baseline 0 -18"><span class='ocrx_word' id='word_1_217' title='bbox 158 3466 361 3545; x_wconf 81' lang='lat' dir='ltr'><strong>Harpocratio,</strong></span> <span class='ocrx_word' id='word_1_218' title='bbox 377 3466 551 3521; x_wconf 83' lang='grc' dir='ltr'>Διεκωδῶνισε</span> <span class='ocrx_word' id='word_1_219' title='bbox 562 3465 628 3534; x_wconf 79' lang='grc' dir='ltr'>ι-ή</span> <span class='ocrx_word' id='word_1_220' title='bbox 646 3466 675 3519; x_wconf 80' lang='grc' dir='ltr'>δὲ</span> <span class='ocrx_word' id='word_1_221' title='bbox 692 3466 829 3538; x_wconf 80' lang='grc' dir='ltr'>μεταφορὰ</span> <span class='ocrx_word' id='word_1_222' title='bbox 844 3469 901 3536; x_wconf 85' lang='grc' dir='ltr'>ήτοι</span> <span class='ocrx_word' id='word_1_223' title='bbox 913 3467 964 3522; x_wconf 84' lang='grc' dir='ltr'>όπδ</span> <span class='ocrx_word' id='word_1_224' title='bbox 977 3471 1030 3521; x_wconf 79' lang='grc' dir='ltr'>τῶν</span> <span class='ocrx_word' id='word_1_225' title='bbox 1042 3470 1214 3541; x_wconf 81' lang='grc' dir='ltr'>περιπολοῦν-</span> 
     </span>
     <span class='ocr_line' id='line_1_31' title="bbox 118 3560 1214 3634; baseline 0.001 -13"><span class='ocrx_word' id='word_1_226' title='bbox 118 3588 169 3621; x_wconf 90' lang='grc' dir='ltr'>των</span> <span class='ocrx_word' id='word_1_227' title='bbox 183 3566 233 3619; x_wconf 78' lang='grc' dir='ltr'>σὺν</span> <span class='ocrx_word' id='word_1_228' title='bbox 246 3564 349 3618; x_wconf 79' lang='grc' dir='ltr'>κώδωσι</span> <span class='ocrx_word' id='word_1_229' title='bbox 362 3564 452 3617; x_wconf 89' lang='grc' dir='ltr'>νυκτδς</span> <span class='ocrx_word' id='word_1_230' title='bbox 464 3562 511 3617; x_wconf 81' lang='grc' dir='ltr'>τὰς</span> <span class='ocrx_word' id='word_1_231' title='bbox 527 3562 656 3632; x_wconf 82' lang='grc' dir='ltr'>φυλακὰς,</span> <span class='ocrx_word' id='word_1_232' title='bbox 671 3560 812 3634; x_wconf 75' lang='grc' dir='ltr'>Εὐριπίδης</span> <span class='ocrx_word' id='word_1_233' title='bbox 830 3561 990 3632; x_wconf 85' lang='grc' dir='ltr'>Παλαμήδει,</span> <span class='ocrx_word' id='word_1_234' title='bbox 1005 3561 1020 3631; x_wconf 74' lang='grc' dir='ltr'>ἢ</span> <span class='ocrx_word' id='word_1_235' title='bbox 1033 3563 1086 3618; x_wconf 82' lang='grc' dir='ltr'>όπδ</span> <span class='ocrx_word' id='word_1_236' title='bbox 1099 3571 1151 3621; x_wconf 80' lang='grc' dir='ltr'>τῶν</span> <span class='ocrx_word' id='word_1_237' title='bbox 1170 3568 1214 3622; x_wconf 88' lang='grc' dir='ltr'>δο-</span> 
     </span>
     <span class='ocr_line' id='line_1_32' title="bbox 119 3657 1154 3735; baseline 0.002 -18"><span class='ocrx_word' id='word_1_238' title='bbox 119 3664 273 3733; x_wconf 70' lang='grc' dir='ltr'>κιμαζόντων</span> <span class='ocrx_word' id='word_1_239' title='bbox 283 3662 329 3717; x_wconf 79' lang='grc' dir='ltr'>τὰς</span> <span class='ocrx_word' id='word_1_240' title='bbox 341 3659 469 3730; x_wconf 86' lang='grc' dir='ltr'>μαχίμους</span> <span class='ocrx_word' id='word_1_241' title='bbox 483 3657 595 3730; x_wconf 79' lang='grc' dir='ltr'>ὄρτυγας</span> <span class='ocrx_word' id='word_1_242' title='bbox 605 3661 642 3732; x_wconf 76' lang='grc' dir='ltr'>τῷ</span> <span class='ocrx_word' id='word_1_243' title='bbox 655 3661 710 3733; x_wconf 75' lang='grc' dir='ltr'>ἤχῳ</span> <span class='ocrx_word' id='word_1_244' title='bbox 724 3661 771 3712; x_wconf 83' lang='grc' dir='ltr'>τοῦ</span> <span class='ocrx_word' id='word_1_245' title='bbox 785 3658 910 3725; x_wconf 72' lang='grc' dir='ltr'>κώδωνος,</span> <span class='ocrx_word' id='word_1_246' title='bbox 926 3660 960 3716; x_wconf 81' lang='grc' dir='ltr'>ὡς</span> <span class='ocrx_word' id='word_1_247' title='bbox 973 3659 1154 3735; x_wconf 83' lang='grc' dir='ltr'>Ἀρίσταρχος.</span> 
     </span>
     <span class='ocr_line' id='line_1_33' title="bbox 654 3790 688 3831; baseline 0 0"><span class='ocrx_word' id='word_1_248' title='bbox 654 3790 688 3831; x_wconf 83' lang='lat' dir='ltr'>ll</span> 
     </span>
     <span class='ocr_line' id='line_1_34' title="bbox 161 3858 987 3936; baseline -0.001 -19"><span class='ocrx_word' id='word_1_249' title='bbox 161 3860 335 3936; x_wconf 77' lang='lat' dir='ltr'><strong>Hesychius,</strong></span> <span class='ocrx_word' id='word_1_250' title='bbox 344 3858 485 3930; x_wconf 74' lang='grc' dir='ltr'>Ἐμβολαι</span> <span class='ocrx_word' id='word_1_251' title='bbox 509 3859 648 3931; x_wconf 78' lang='grc' dir='ltr'>Εὐριπίδης</span> <span class='ocrx_word' id='word_1_252' title='bbox 661 3859 804 3930; x_wconf 75' lang='grc' dir='ltr'>Παλαμήδῃ</span> <span class='ocrx_word' id='word_1_253' title='bbox 819 3863 859 3915; x_wconf 84' lang='grc' dir='ltr'>καὶ</span> <span class='ocrx_word' id='word_1_254' title='bbox 873 3861 987 3933; x_wconf 83' lang='grc' dir='ltr'>Σκίρωνι.</span> 
     </span>
     <span class='ocr_line' id='line_1_35' title="bbox 161 3955 1218 4028; baseline 0.005 -16"><span class='ocrx_word' id='word_1_255' title='bbox 161 3956 373 4015; x_wconf 79' lang='lat' dir='ltr'><strong>Valckenarius</strong></span> <span class='ocrx_word' id='word_1_256' title='bbox 394 3955 429 4013; x_wconf 90' lang='lat' dir='ltr'>ad</span> <span class='ocrx_word' id='word_1_257' title='bbox 450 3955 706 4028; x_wconf 81' lang='lat' dir='ltr'>Phoen.1331.ad</span> <span class='ocrx_word' id='word_1_258' title='bbox 729 3955 913 4013; x_wconf 75' lang='lat' dir='ltr'><strong>Palamedem</strong></span> <span class='ocrx_word' id='word_1_259' title='bbox 934 3956 1024 4015; x_wconf 86' lang='lat' dir='ltr'><strong>refert</strong></span> <span class='ocrx_word' id='word_1_260' title='bbox 1044 3957 1098 4015; x_wconf 79' lang='lat' dir='ltr'>hos</span> <span class='ocrx_word' id='word_1_261' title='bbox 1118 3978 1218 4017; x_wconf 85' lang='lat' dir='ltr'><strong>versus</strong></span> 
     </span>
     <span class='ocr_line' id='line_1_36' title="bbox 122 4050 651 4138; baseline -0.006 -26"><span class='ocrx_word' id='word_1_262' title='bbox 122 4055 198 4138; x_wconf 79' lang='lat' dir='ltr'>apud</span> <span class='ocrx_word' id='word_1_263' title='bbox 214 4053 399 4111; x_wconf 75' lang='lat' dir='ltr'><strong>Plutarchum</strong></span> <span class='ocrx_word' id='word_1_264' title='bbox 411 4051 515 4110; x_wconf 88' lang='lat' dir='ltr'><strong>Moral.</strong></span> <span class='ocrx_word' id='word_1_265' title='bbox 530 4071 558 4128; x_wconf 93' lang='lat' dir='ltr'>p.</span> <span class='ocrx_word' id='word_1_266' title='bbox 572 4069 608 4108; x_wconf 82' lang='grc' dir='ltr'>αο</span> <span class='ocrx_word' id='word_1_267' title='bbox 623 4050 651 4109; x_wconf 89' lang='lat' dir='ltr'>d.</span> 
     </span>
    </p>
   </div>
   <div class='ocr_carea' id='block_1_9' title="bbox 210 4145 905 4337">
    <p class='ocr_par' dir='ltr' id='par_1_10' title="bbox 210 4145 905 4337">
     <span class='ocr_line' id='line_1_37' title="bbox 336 4145 905 4227; baseline -0.005 -15"><span class='ocrx_word' id='word_1_268' title='bbox 336 4149 376 4211; x_wconf 88' lang='grc' dir='ltr'>Τί</span> <span class='ocrx_word' id='word_1_269' title='bbox 389 4152 462 4227; x_wconf 70' lang='grc' dir='ltr'>δῆτα</span> <span class='ocrx_word' id='word_1_270' title='bbox 477 4153 524 4212; x_wconf 85' lang='grc' dir='ltr'>δεῖ</span> <span class='ocrx_word' id='word_1_271' title='bbox 536 4172 573 4209; x_wconf 93' lang='grc' dir='ltr'>σε</span> <span class='ocrx_word' id='word_1_272' title='bbox 590 4145 728 4224; x_wconf 81' lang='grc' dir='ltr'>κόμνειν;</span> <span class='ocrx_word' id='word_1_273' title='bbox 748 4151 905 4210; x_wconf 82' lang='grc' dir='ltr'>κατθανεῖν</span> 
     </span>
     <span class='ocr_line' id='line_1_38' title="bbox 210 4256 858 4337; baseline -0.005 -16"><span class='ocrx_word' id='word_1_274' title='bbox 210 4259 341 4337; x_wconf 80' lang='grc' dir='ltr'>ἄμεινον·</span> <span class='ocrx_word' id='word_1_275' title='bbox 359 4258 454 4324; x_wconf 81' lang='grc' dir='ltr'>οὐδεὶς</span> <span class='ocrx_word' id='word_1_276' title='bbox 469 4257 596 4336; x_wconf 81' lang='grc' dir='ltr'>κάματος</span> <span class='ocrx_word' id='word_1_277' title='bbox 611 4256 751 4336; x_wconf 77' lang='grc' dir='ltr'>εὐσεβεῖν</span> <span class='ocrx_word' id='word_1_278' title='bbox 766 4258 858 4322; x_wconf 87' lang='grc' dir='ltr'>θεοός.</span> 
     </span>
    </p>
   </div>
   <div class='ocr_carea' id='block_1_10' title="bbox 0 0 1467 4898">
    <p class='ocr_par' dir='ltr' id='par_1_11' title="bbox 0 0 1467 4898">
     <span class='ocr_line' id='line_1_39' title="bbox 0 0 1467 4898; baseline 0 0"><span class='ocrx_word' id='word_1_279' title='bbox 0 0 1467 4898; x_wconf 95' lang='lat' dir='ltr'> </span> 
     </span>
    </p>
   </div>
  </div>
 </body>
</html>
