2850 4898
160 271 225 333 852
601 272 830 332 ΕΥΡΙΠΙΔΟΥ

201 521 400 599 Erotianusp.
417 540 486 596 342.
696 434 733 497 18

241 621 391 690 Γυναῖκες,
406 616 562 699 ὀρμήθητε,
577 615 642 697 μηδ’
658 618 785 696 ἆθνμίαν

246 718 342 802 σχέθῃ
357 744 400 786 τις
413 722 504 800 ὑμῶν’
527 723 619 783 ταῦτα
633 724 692 802 γὰρ
707 724 837 800 σκεθρῶς
851 722 924 801 ὀρῖιν

245 821 320 900 ἡμᾶς
333 822 447 905 ἀνάγκη
462 821 530 888 τοὺς
545 823 716 900 νομίζοντας
729 821 850 905 τέχνην.

695 975 732 1036 ¹9

201 1040 335 1100 waaeus
351 1056 398 1115 77.
417 1059 447 1117 p.
459 1057 530 1116 455.

240 1133 286 1199 *H
302 1138 334 1199 τί
345 1135 441 1200 πλέον
456 1135 533 1199 εῖναι
546 1142 653 1205 παῖδας
667 1140 841 1219 ἀνθρώποις,
854 1138 957 1221 πάτερ,

247 1239 274 1301 εί
286 1237 327 1317 μὴ
338 1235 383 1301 ’πὶ
396 1242 457 1305 τοῖς
471 1241 615 1302 δεινοῖσιν
629 1238 829 1320 ὦφελήσομεν
843 1269 850 1312 ;

199 1461 337 1519 Priscian.
352 1458 466 1517 XVIII.
481 1459 539 1517 vol.
555 1458 594 1516 11.
608 1479 637 1535 p.
652 1390 781 1535 20}.0ed.
795 1461 897 1519 Krehl.

246 1557 284 1619 Et
297 1559 350 1618 τοῦ
363 1556 500 1622 τεκόντος
514 1555 601 1620 οὐδὲν
616 1555 751 1638 ἐντρέπει
761 1559 881 1639 πατρός.

598 1792 823 1853 ΑΛΚΜΗΝΗ.

199 2010 297 2069 Schol.
313 2009 402 2067 Arist.
415 2009 489 2066 Ran.
506 2024 575 2084 540.
601 1943 720 2080 (Suidass
733 2030 762 2067 v.
775 2015 856 2067 ταῦτα
868 2016 934 2087 πρὸς
947 2013 1054 2085 ἄλλον.)

244 2106 291 2170 Οὐ
306 2104 364 2188 γάρ
374 2106 440 2168 ποτ’
453 2107 522 2169 εῖων
538 2104 690 2170 Σθένελον
706 2109 736 2174 ἐς
750 2106 804 2171 τὸν
827 2107 935 2191 εὐτυχῆ

244 2211 401 2290 χωροῦντα
415 2213 520 2290 τοῖχον
535 2211 586 2287 τῆς
600 2210 679 2288 δίκης
694 2210 882 2292 ἀποστερεῖν.

199 2429 299 2490 Schol.
313 2431 493 2489 Arist.Ran.
510 2449 559 2505 93.
596 2361 718 2503 (ὃαίἀέ
735 2451 764 2488 v.
786 2434 929 2504 χελιδόνων
951 2434 1084 2506 μουσεῖα.)
1117 2435 1266 2490 Χελιδόνιον

156 2534 284 2600 μουσεῖα;
307 2531 377 2603 παρὰ
390 2530 423 2583 τὰ
437 2529 464 2583 ε’ν
477 2527 607 2598 Ἀλκμήνῃ
622 2530 764 2603 Εὐριπίδου

244 2625 347 2691 Πολὺς
361 2624 386 2687 δ’
398 2624 520 2704 ἆνεῖρπε
536 2624 650 2698 κισσὸς,
668 2624 777 2706 εὐφυὴς
792 2624 911 2697 κλάδος,

242 2728 408 2809 χελιδόνιον
420 2731 571 2804 μουσεῖον.

199 2930 333 2990 Stobaeus
348 2948 396 3005 39.
411 2951 440 3007 p.
454 2949 521 3005 241.
697 2865 716 2929 3

242 3022 398 3104 Ἀτρέκεια
412 3025 439 3087 δ’
455 3025 579 3106 ἄριστον
594 3025 701 3107 ἀνδρὸς
717 3028 751 3090 έν
765 3029 854 3092 πόλει
870 3030 982 3093 δικαίου
997 3029 1094 3093 πέλει.

198 3247 334 3306 Stobaeus
347 3263 399 3321 43.
411 3267 440 3324 p.
453 3264 523 3321 302.
703 3183 726 3241 4

242 3341 335 3407 Ἴστο
345 3341 369 3406 δ’
386 3344 492 3424 ἄφρον
506 3340 558 3416 ὢν,
575 3343 658 3411 ὅστις
674 3346 828 3425 ἄνθρωπος
843 3348 939 3429 γεγδς

244 3447 337 3525 δῆμον
352 3447 480 3520 κολούει,
492 3444 643 3529 χρήμασιν
661 3448 874 3528 γαυρούμενος.

197 3670 332 3731 διαίνουσι
343 3670 454 3731 ibidem
705 3599 727 3666 5

242 3765 311 3831 Τδυ
327 3767 508 3849 εὐτυχοῦντα
522 3765 581 3847 χρὴ
597 3764 698 3846 σοφὸν
713 3765 890 3847 πεφυκέναι.

198 3987 332 4048 Stobaeus
346 3988 396 4045 60.
411 4007 439 4063 p.
455 3987 525 4062 384.
696 3901 716 3963 6

242 4083 308 4148 Ἀεὶ
322 4082 347 4148 δ’
364 4082 503 4165 ἀρέσκειν
518 4087 579 4149 τοῖς
595 4086 745 4163 κρατοῦσι·
769 4085 862 4146 ταῦτα
877 4085 935 4164 γδρ

244 4187 361 4252 δούλοις
374 4186 492 4266 ἄριστα·
521 4180 589 4265 κάφ’
606 4183 664 4269 ὅτῳ
679 4182 860 4263 τεταγμένος

245 4290 289 4366 εἴη
302 4312 355 4360 τις,
371 4284 538 4350 δνδάνοντα
552 4286 710 4353 δεσπόταις
724 4291 831 4349 ποιεῖν.
