2850 4898
515 302 861 364 ΑΠΟΣΠΑΣΜΑΤΙΑ.

671 488 709 555 15

178 576 313 635 Stobaeus
331 594 377 651 29.
392 597 421 653 p.
436 594 502 634 200.

222 670 310 736 Ἀλλ’
325 673 380 752 ἡδύ
393 697 439 736 τοι
454 672 590 739 σωθέντα
603 677 771 755 μεμνῆσθαι
785 669 894 737 πόνον.

138 778 252 835 (litatur
266 777 302 835 ab
316 777 438 835 Ariston.
454 778 540 836 Rhet.
551 778 574 836 I.
590 796 636 846 ιι,
650 781 676 837 8.
698 780 761 837 sine
774 776 895 835 nomine
910 774 1047 833 auctoris.
1066 774 1238 832 Plutarchus

138 875 244 933 Moral.
259 894 289 951 p.
302 875 362 949 630
377 894 403 933 e.
422 875 454 930 ‘O
469 875 492 931 δ’
503 879 643 949 Εὐριπίδης
655 877 804 933 τούναντίον
818 875 852 932 ὧν
861 872 910 944 ἦδΰ
922 896 949 929 τι
961 874 1009 928 τὸν
1018 873 1135 928 σωθέντα
1142 875 1237 943 μεμνῆ-

137 975 200 1029 οθοι
207 977 301 1031 πόνον.
323 974 428 1031 Latine
442 975 529 1032 vertit
543 975 648 1033 Cicero
662 974 699 1032 de
713 974 775 1030 Fin.
791 990 817 1040 α,
834 988 882 1047 32.

259 1071 360 1130 Suavis
370 1071 491 1130 laborum
502 1082 542 1130 est
550 1073 755 1148 ρνσιονίιοιννι
768 1071 906 1127 memoria.

178 1285 313 1344 Stobaeus
328 1300 376 1361 50.
388 1306 418 1362 p.
431 1301 499 1361 357.
522 1201 854 1366 Lucianiigcyomant.
871 1295 897 1362 ξ.
916 1307 941 1346 τ.

224 1379 339 1461 Νεότης
351 1383 383 1461 μ’
399 1385 489 1463 έπῆρε
505 1383 553 1446 καὶ
568 1383 677 1452 σθένος
688 1389 742 1449 τοῦ
757 1389 811 1450 νοῦ
823 1384 930 1448 πλέον.

137 1484 259 1544 Lucian.
271 1506 324 1562 pro
338 1489 432 1545 σθένοι
445 1488 517 1545 citat
530 1490 636 1562 θράσος.

181 1702 316 1763 Stobaeus
330 1705 379 1779 65.
394 1722 499 1781 p.411.
671 1637 705 1699 ¹7

222 1804 291 1863 Τῶν
303 1801 362 1880 γὰρ
376 1800 514 1862 πλούτων
527 1799 571 1861 ὅδ’
586 1800 715 1880 ἄριστος,

223 1907 364 1983 γενναῖον
378 1900 470 1984 λέχος
483 1903 590 1982 εὑρεῖν.

673 2021 709 2082 18

180 2108 312 2167 Stobaeus
329 2126 377 2182 79.
391 2128 420 2185 p.
430 2107 501 2182 469.

217 2202 264 2267 Ὦ
278 2207 400 2283 τλῆμον,
417 2200 455 2269 ὥς
470 2228 520 2266 σοι
533 2206 586 2269 τὰς
600 2205 691 2285 τύχας
704 2204 761 2281 μὲν
776 2204 914 2270 ἀσθενεῖς

224 2307 309 2389 ἔδωχ’
327 2308 344 2369 ὁ
359 2306 480 2384 δαίμων,
496 2304 576 2386 μέγα
590 2310 738 2387 φρονοῦσι
760 2304 783 2367 δ’
801 2309 830 2369 οῖ
843 2303 940 2386 λόγοι.

178 2529 312 2587 Stobaeus
328 2527 382 2585 111.
399 2547 427 2603 p.
438 2526 506 2602 582.
670 2459 707 2524 19

222 2628 285 2691 Τὰς
300 2626 455 2704 συμφορὰς
469 2627 529 2706 γὰρ
544 2627 603 2687 τοῖν
619 2628 712 2690 κακῶς
725 2622 921 2705 πεπραχότων

223 2725 382 2791 οὐπώποθ’
398 2723 509 2806 ὕβρισ’,
526 2726 614 2793 αὐτὸς
628 2728 765 2807 ὀρρωδῶν
774 2731 893 2790 ποθεῖν.

138 2833 233 2890 Persei
246 2831 337 2888 verba
347 2829 435 2887 fuisse
449 2847 484 2887 ex
498 2829 657 2888 Ammonio
671 2850 701 2906 p.
713 2848 759 2905 25.
771 2832 952 2908 intelligitur.

177 3045 311 3105 Stoboeus
321 3046 367 3119 89.
382 3066 412 3122 p.
425 3063 494 3122 502.
668 2975 709 3022 20

222 3141 345 3223 Χρνσὸν
359 3141 492 3220 μάλιστα
505 3142 655 3219 βούλομαι
669 3138 769 3219 δόμοις
784 3141 876 3224 ἔχειν.

223 3248 271 3308 καὶ
286 3247 391 3310 δοῦλος
405 3241 446 3306 εῖν
459 3245 517 3324 γὰρ
532 3243 625 3321 τίμιος
639 3246 777 3306 πλουτῶν
791 3242 875 3324 ἀνήρ·

223 3346 378 3427 ἐλεύθερος
393 3347 425 3408 δὲ
440 3350 540 3427 χρεῖος
554 3341 595 3408 εῖν
610 3345 697 3408 οὐδὲν
708 3344 820 3409 σθένει.

221 3451 336 3531 χρυσοῦ
358 3444 455 3525 νόμιζε
470 3445 581 3510 σαυτὸν
595 3448 691 3511 οὕνεκ’
702 3448 848 3530 εὐτυχεῖν.

177 3669 310 3728 Stobaeus
325 3670 374 3744 96.
389 3690 418 3746 p.
429 3684 465 3745 53
476 3688 499 3727 1.
670 3602 706 3646 21

479 3765 637 3845 Χνήνασν
651 3768 710 3847 ιὰν
725 3766 847 3848 (θνιιῶ.

221 3872 284 3933 τοῖς
294 3871 479 3948 συμφοραῖσι
494 3868 530 3943 δ’,
543 3868 581 3934 ὡς
593 3869 675 3950 ὁρᾷς,
691 3868 744 3931 οὐκ
760 3868 882 3950 εὐτυχῶ.

176 4088 310 4147 Stobaeus
322 4105 369 4164 97.
386 4110 414 4166 p.
428 4090 497 4165 538.
666 4021 706 4067 Μ

217 4181 261 4248 Ἦ
277 4210 334 4248 που
349 4185 382 4248 τὸ
397 4184 512 4264 μέλλον
528 4187 656 4266 ἐκφοβεῖ
670 4183 732 4248 καθ’
747 4183 869 4265 ἡμέραν·

222 4286 260 4352 ὥς
274 4288 328 4348 τοιῖ
341 4309 377 4365 γε
388 4284 519 4367 πάσχειν
533 4285 654 4349 τούπιὸν
667 4290 766 4363 μεῖζον
782 4282 879 4348 κακόν.
