2844 4882
145 273 210 336 888
583 272 812 333 ΕΥΡΙΠΙΔΟΥ

234 440 281 503 καὶ
295 442 392 503 θεοῖσι
406 439 493 501 τοῦτο
508 437 608 515 δόξαν,
624 435 663 503 ὥς
677 440 783 518 σαφεῖς
795 433 889 518 λέγω,

232 541 339 623 θαρσίν
352 565 386 605 τε
400 544 485 614 πᾶσι,
501 538 591 603 τέκνα
604 539 755 603 τίκτουσιν
769 543 882 621 φιλεῖν·

232 647 270 708 τὸ
283 642 307 707 δ’
323 644 406 708 άλλα
418 642 508 726 χωρὶς
520 642 649 726 χρόμεθ
664 640 808 722 ἀλλήλων
822 642 932 722 νόμοις.

188 852 322 911 Stobaeus
334 869 384 927 50.
398 870 427 928 p.
440 868 457 925 3
461 866 509 927 57.
687 779 707 846 5

233 945 322 1022 Νέας,
338 947 440 1013 πόνοις
454 945 488 1011 δέ
501 947 531 1029 γ’
545 947 598 1012 οὐκ
611 948 801 1029 άγύμναστος
814 944 935 1030 φρίνος.

146 1056 253 1110 πόνοισι
266 1052 289 1109 δ’
305 1053 351 1107 οὐκ
365 1051 563 1130 Musgruvius.

189 1251 324 1312 Stobaeus
338 1251 388 1310 62.
404 1272 434 1330 p.
448 1271 519 1330 399.
686 1165 707 1228 6

238 1348 347 1429 Κύπρις
361 1351 420 1430 γὰρ
433 1349 501 1412 οὐδὲ
516 1345 731 1427 νουθετουρένη
745 1350 839 1430 χαλᾷ,

234 1449 272 1528 ἤν
285 1448 310 1512 τ’
327 1450 363 1513 αὐ
377 1449 476 1529 βιάζῃ,
492 1454 612 1529 μᾶλλον
627 1451 770 1514 ἐντείνειν
784 1455 880 1532 φιλεῖ,

237 1553 360 1617 κάπειτα
373 1555 464 1617 τίκτει
478 1553 622 1632 πόλεμον·
646 1554 687 1619 είς
701 1552 726 1615 δ’
741 1551 909 1616 ἀνάστασιν

238 1653 336 1731 δόμων
348 1653 483 1734 περαίνει
497 1651 643 1718 πολλάκις
657 1656 695 1716 τδ
709 1652 819 1717 τοιάδε.

150 1755 188 1814 V.
204 1775 228 1813 1.
241 1773 269 1813 2.
295 1757 426 1815 Galenus
440 1757 477 1814 V.
491 1776 520 1834 p.
538 1774 603 1833 149.
626 1758 760 1816 Charter.
778 1757 830 1832 (V.
844 1776 876 1834 p.
890 1775 960 1830 41¹·
972 1755 1088 1828 Κίλλα.)
1120 1755 1175 1814 ubi
1191 1776 1224 1814 v.
1237 1775 1267 1816 π.

151 1853 183 1909 δν
195 1856 256 1928 γάρ.

193 2050 329 2110 Stobaeus
343 2050 390 2109 81.
404 2071 434 2129 p.
444 2068 515 2126 474.
694 1982 711 2044 7

239 2147 363 2229 Πατέρα
375 2173 409 2212 τε
423 2149 529 2212 παισὶν
542 2148 634 2228 ἡδέως
648 2149 845 2232 συνεκφέρειν

240 2252 347 2333 φίλους
362 2249 471 2332 ἔρωτας
486 2250 644 2331 ἐκβαλόντ’
661 2254 813 2327 αὐθαδίαν,

239 2353 346 2420 παῖδάς
358 2380 392 2418 τε
406 2357 503 2437 πατρί·
521 2356 568 2418 καὶ
583 2359 641 2438 γὰρ
655 2356 708 2420 οὐκ
722 2357 890 2437 αὐθαίρετοι

239 2462 361 2537 βροτοῖς
375 2457 490 2537 ἔρωτες,
507 2456 567 2520 οὐδ’
585 2460 707 2522 ἑκουσία
723 2460 824 2525 νόσος.

243 2561 349 2622 σκαιόν
363 2585 391 2622 τι
405 2560 439 2638 δὴ
455 2559 488 2622 τὸ
502 2564 601 2642 χρῆμα
615 2563 774 2642 γίγνεσθαι
789 2567 885 2643 φιλεῖ,

242 2667 318 2726 θεῶν
335 2661 466 2743 ἀνάγκας
481 2663 563 2729 ὅστις
579 2666 680 2728 ἰᾶσθαι
695 2664 789 2729 θέλει.

199 2868 333 2926 Stobaeus
349 2869 442 2946 eclog.
458 2870 540 2946 phys.
557 2870 615 2927 vol.
632 2889 657 2928 1.
673 2782 716 2945 p.8
713 2885 780 2944 272.

244 2966 338 3030 Φίλος
352 2966 410 3045 γὰρ
425 2964 463 3043 ἦν
476 2987 536 3042 μοι·
561 2966 611 3028 καί
620 2962 649 3044 μ’
664 2965 735 3046 ἔρως
750 2966 815 3028 έλοι
829 2967 902 3028 ποτὲ

245 3068 298 3130 οὐκ
313 3069 353 3132 είς
367 3066 401 3129 τὸ
417 3072 525 3147 μῶρον,
543 3065 611 3130 οὐδέ
624 3063 653 3144 μ’
671 3069 711 3131 είς
726 3067 840 3147 Κύπριν
853 3065 980 3146 τρέπων.

246 3168 314 3234 ἀλλ’
331 3169 396 3232 ἔστι
411 3168 446 3248 δή
460 3195 503 3235 τις
518 3170 611 3235 άλλος
625 3171 658 3232 έν
673 3175 793 3250 βροτοῖς
808 3170 891 3251 ἔρως,

246 3275 346 3354 ψυχῆς
360 3271 473 3338 δικαίας
487 3272 644 3352 σώφρονός
657 3297 691 3334 τε
706 3273 844 3352 κάγαθῆς.

248 3376 295 3438 καὶ
309 3379 385 3457 χρῆν
401 3377 433 3437 δὲ
447 3381 508 3441 τοῖς
521 3381 661 3456 βροτοῖσι
676 3374 752 3438 τόνδ’
770 3375 846 3438 εἶναι
862 3379 964 3456 νόμον,

247 3483 306 3540 τῶν
322 3478 528 3556 εὐσεβούντων
543 3477 650 3543 οἵτινές
663 3504 700 3559 γε
715 3479 870 3558 σώφρονες

249 3583 329 3662 έρᾶν,
347 3581 461 3661 Κύπριν
475 3582 507 3643 δὲ
522 3581 575 3659 τὴν
592 3580 664 3647 Διὸς
677 3583 793 3664 χαίρειν
809 3583 873 3643 ἐᾶν.

163 3685 201 3742 V.
212 3703 239 3760 3.
255 3703 285 3758 4.
307 3685 478 3741 Plutarchus
493 3686 598 3742 Moral.
613 3706 642 3762 p.
653 3704 683 3742 11
700 3705 725 3743 e.
749 3697 778 3743 et
793 3704 827 3743 ex
842 3684 989 3761 Euripidis
997 3684 1112 3740 Theseo
1128 3679 1271 3742 Stobaeus

164 3797 192 3857 5.
204 3803 234 3858 p.
247 3782 295 3856 63.
310 3783 361 3839 ubi
375 3782 458 3839 locus
472 3783 554 3840 deest
568 3784 598 3839 in
614 3784 702 3841 Paris.
712 3785 748 3839 A.

704 3917 723 3980 9

206 3981 340 4041 Stobaeus
355 3983 473 4042 ibidem.

245 4075 365 4141 Ὄντων
381 4080 413 4141 δὲ
428 4080 540 4142 παίδων
557 4080 604 4142 καὶ
617 4081 783 4159 πεφυκότος
798 4079 912 4160 γένους,

252 4180 367 4246 καινοὺς
382 4187 526 4261 φυτεῦσαι
541 4187 646 4246 παῖδας
661 4184 694 4244 ἐν
710 4185 808 4260 δόμοις
824 4180 930 4253 θέλεις,

253 4283 364 4366 ἔχθραν
377 4285 522 4363 μεγίστην
534 4289 616 4346 σοῖσι
633 4284 820 4363 συμβάλλων
834 4284 957 4350 τέκνοις.
