2850 4898
166 274 231 340 864
600 281 829 341 ΕΥΡΙΠΙΔΟΥ

165 452 297 525 έκέχρητο.
318 453 371 507 είσὶ
395 453 424 507 δι’
448 448 473 506 σί
491 452 532 506 καί
549 452 596 520 τήν
613 451 693 520 αὐτήν
713 454 812 521 Διώνην
831 453 963 524 λέγουσιν,
979 453 1069 525 ὅσπερ
1083 454 1233 526 Εὐριπίδης
1253 458 1283 512 έν

163 548 300 621 Ἀντιγόνῃ

244 640 291 706 Ὠ
305 649 361 706 παῖ
374 645 499 722 Διώνης,
516 644 554 709 ὡς
569 643 642 724 ἔφυς
654 641 748 724 μέγας
762 642 838 716 θεὸς,

251 748 395 822 Διόνυσε,
411 750 528 824 θνητοῖς
542 744 566 807 τ’
583 747 715 823 οὐδαμῶς
729 746 903 812 ὐτόστατος.

204 954 303 1012 Schol.
319 954 419 1029 Eurip.
435 954 534 1010 Phoen.
556 971 565 1008 1
579 969 642 1025 130.
656 883 886 1024 Ἐνιτξῗλντίγόνη
898 960 918 982 “
929 951 990 1007 Ἐπὶ
997 956 1280 1026 χρυσεόνιιτονύσπί-

163 1054 195 1108 δα
208 1055 256 1107 τόν
267 1051 432 1108 Καπανέως.”
461 1050 506 1108 Cf.
522 1048 692 1106 Eustuthius
706 1067 735 1124 p.
748 1062 816 1121 707,
832 1048 882 1107 60.
895 1049 960 1106 coll.
973 1048 1042 1122 678,
1056 1067 1071 1105 2
1075 1065 1104 1123 3.

204 1245 313 1304 Stobaei
328 1245 462 1322 Append.
478 1245 524 1304 ed.
541 1244 687 1304 Gnisford.
696 1176 760 1303 ὐῗιί.
773 1245 824 1302 IV.
835 1265 863 1321 p.
877 1263 925 1301 20.

250 1343 325 1407 Νέοι
341 1343 436 1407 νέοισι
450 1346 633 1407 συνυοσοΰσι
647 1344 777 1425 τάφανῆ.

612 1513 818 1574 ΑΝΤΙΟΠΗ.

710 1648 722 1690 l

202 1716 330 1794 Etymol.
343 1716 421 1792 M.p.
432 1735 465 1789 4¹
477 1735 502 1780 1,
515 1735 523 1773 ι
535 1736 558 1773 ι.
572 1717 650 1788 (coll.
661 1717 799 1775 Gudiano
813 1737 841 1793 p.
854 1735 922 1790 230,
934 1721 996 1793 57.)
1006 1718 1276 1793 zfpooe-‹qurm-

161 1818 202 1872 ὅτι
216 1817 231 1886 ή
244 1816 328 1888 μήτηρ
342 1817 422 1870 αὐτοῦ
436 1816 517 1885 ε’ζήτει
532 1817 648 1889 εὐμαρῶς
662 1819 743 1871 τεκεῖν
757 1817 845 1880 αὐτόν,
855 1816 889 1873 ὥς
902 1819 986 1888 φησιν
1000 1816 1143 1890 Εὐριπίδης

246 1911 310 1974 Τόν
324 1911 380 1988 μὲν
396 1908 547 1988 κικλήσκει
563 1912 670 1986 Ζῆθον·
683 1915 685 1920 ’
696 1908 818 1988 ἐζήτησε
833 1911 891 1990 γὰρ

246 2015 379 2076 τόκοισιν
394 2010 551 2093 εὐμάρειαν
566 2011 584 2091 ἡ
599 2010 727 2075 τεκούσό
742 2036 798 2074 νιν.

201 2217 330 2295 Etymol.
342 2217 386 2275 M.
402 2237 431 2293 p.
440 2234 490 2292 92,
507 2233 537 2289 4.
569 2221 645 2292 Λέγει
658 2148 798 2290 Εὐόιπίύης
811 2221 826 2270 ὁ
840 2219 962 2292 τραγικός
975 2218 1137 2293 έτυμολόγας
1159 2222 1270 2294 (ε’τυμο.

158 2321 245 2390 λαγῶν
259 2315 415 2386 Valcken.)
432 2318 463 2371 τό
475 2315 603 2388 Ἀμφίων,
619 2315 659 2370 ότι
672 2317 790 2388 Ἀμφίων
803 2315 897 2386 ε’κλήθη
910 2317 980 2388 παρό
989 2316 1036 2385 τήν
1043 2317 1174 2388 ἄμφοδον,
1186 2322 1272 2393 ήγσυν

159 2414 229 2484 παρὰ
239 2414 270 2467 τό
284 2415 354 2486 παρὰ
367 2415 414 2483 τήν
428 2414 489 2468 όύόν
502 2414 662 2486 γεννηθήναι.

200 2609 343 2687 stephan.
360 2611 431 2688 Byz.
447 2632 476 2669 v.
490 2611 572 2684 Ὑρία.
588 2616 660 2684 χώρα
673 2542 787 2682 πλςησίυν
800 2611 1091 2677 Δύλίόος,-Ἡσίοόος
1109 2613 1137 2667 δέ
1151 2614 1180 2667 έν
1191 2612 1269 2686 Ὑρία

158 2710 205 2779 τήν
215 2707 351 2779 Ἀντιόπην
364 2711 433 2781 φησί
445 2710 576 2783 γενέσθω,
591 2710 731 2783 Εὐριπίδης
745 2708 767 2764 δ’
783 2711 811 2764 έν
822 2709 907 2780 Ὺσίη.
931 2709 1157 2784 Harpocration,
1165 2709 1267 2775 Ὕσέαι,

158 2809 244 2875 -τῆς
254 2808 376 2863 Βοιωτίας
388 2811 475 2872 πόλις,
491 2806 520 2875 ής
532 2805 684 2878 μνημονεύει
698 2807 838 2879 Εὐριπίδης
851 2808 879 2862 έν
890 2806 1024 2876 Ἀντιόπη.

696 2938 718 2997 4

198 3005 368 3063 Eustathius
382 3025 410 3081 p.
425 3020 510 3081 1799,
528 3019 575 3081 54.
608 3009 695 3076 Δήλου
714 3006 738 3062 δ’
754 3006 794 3061 ὅτι
809 3006 879 3061 κύειν
894 3009 936 3062 καί
950 3008 981 3061 τὸ
994 3008 1086 3080 ἔγκυον
1099 3003 1164 3062 εἶναι
1177 3009 1266 3078 δηλοῖ,

157 3104 303 3177 ὐύιαφέρει
323 3109 370 3159 τοῦ
389 3104 483 3158 τίκτειν
504 3105 592 3158 καθότι
612 3106 675 3158 αὐτὸ
696 3103 857 3159 ἀπαλλάττει
872 3108 920 3159 τοῦ
943 3102 1020 3160 κίειν.
1042 3107 1082 3159 καὶ
1098 3106 1207 3177 φέρεται
1228 3109 1267 3164 είς

156 3205 234 3256 τοῦτο
251 3203 346 3274 χρήσις
367 3201 397 3271 έξ
420 3200 556 3271 Ἀντιόπης
576 3202 607 3256 τὸ
623 3200 760 3256 “Κύουσα
780 3200 882 3256 τίκτον”
902 3204 982 3274 ήγουν
1000 3203 1064 3257 κατὰ
1080 3205 1197 3275 γαστρός
1211 3205 1264 3275 φέ-

155 3318 240 3369 ρουσα
252 3293 308 3352 εἶτα
320 3299 414 3353 ἔτεκον.
453 3297 628 3354 Ammonius
638 3316 667 3372 p.
681 3297 728 3355 86.
744 3296 821 3353 Κύειν
833 3301 881 3369 μέν
894 3300 925 3353 τό
935 3301 1027 3372 ἔγκυον
1039 3294 1113 3365 εἶναι,
1124 3301 1221 3355 τίκτειν
1234 3303 1264 3356 δέ

157 3395 188 3446 τό
199 3392 412 3449 ἀπαλλάττεσθαι
425 3397 472 3448 τοῦ
482 3392 560 3450 κόειν.
589 3396 765 3468 Εὐριπίδηςέν
775 3394 897 3464 Ἀντιόπη
919 3404 939 3428 “
952 3394 1058 3451 Κύουσα
1072 3396 1165 3452 τίκτα”
1187 3393 1263 3454 εἶπεν

158 3496 178 3521 “
192 3490 254 3562 ἡνίκ’
265 3493 364 3567 ἠγόμην
376 3494 484 3552 πάλιν.”
512 3492 590 3550 unde
605 3492 748 3550 Valcken.
762 3492 872 3549 effinxit

246 3590 378 3663 Κύουσα,
394 3590 479 3654 τίκτω
496 3587 521 3652 θ’
538 3586 611 3667 ἡνίκ’
627 3587 743 3669 ἠγόμην
758 3585 860 3649 πόλιν.

196 3795 347 3854 cedrenus
361 3816 389 3872 p.
407 3814 443 3852 22
460 3815 486 3854 e.
521 3795 551 3850 ‘0
566 3797 613 3863 μέν
628 3725 767 3867 Εὐριπίδης
780 3797 826 3848 τὸν
840 3795 889 3849 Δία
902 3796 987 3866 φησίν
1000 3796 1037 3851 είς
1053 3796 1168 3866 σάτυρον
1180 3817 1261 3865 μετα·

152 3896 286 3963 βληθέντα
301 3896 348 3964 τήν
360 3895 498 3965 Ἀντιόπην
511 3894 627 3966 φθεῖραι.

697 4005 717 4065 6

195 4093 333 4151 Clemens
346 4093 429 4150 Alex.
446 4093 552 4149 Strom.
567 4090 604 4146 V.
620 4110 649 4165 p.
663 4089 731 4163 716,
747 4109 769 4147 1.
793 4095 892 4145 οὔκουν
906 4091 943 4145 ἔτι
958 4091 1022 4145 κατὰ
1035 4091 1083 4159 τήν
1092 4094 1145 4145 τῶν
1152 4093 1263 4147 πολλῶν

154 4192 233 4262 δόξαν
246 4193 362 4264 περὶτοῦ
376 4192 437 4247 θεοῦ
452 4191 615 4258 ὑποληπτέον

455 4283 536 4348 Οὐδὲ
551 4286 610 4365 γὰρ
624 4282 722 4363 λόθρα
737 4287 812 4346 δοκῶ
