2850 4898
152 291 217 353 880
597 290 825 350 ΕΥΡΙΠΙΔΟΥ

689 477 722 518 ιι

196 564 331 623 Stobaeus
348 562 397 621 88.
413 582 441 638 p.
457 578 527 637 501.

242 661 306 725 Οὐκ
320 658 358 723 δν
372 657 490 742 γένοιτο
505 656 654 739 τραύματ’,
670 657 707 736 ἤν
722 683 765 724 τις
780 659 890 739 έγξθση

242 764 363 843 θάμνοις
379 763 495 835 έλείοις,
512 763 574 825 οὐδ’
589 758 627 824 ἂν
643 762 676 823 έκ
689 760 797 841 μητρὸς
811 763 899 838 κακῆς

242 865 347 930 έσθλοὶ
361 864 497 947 γένοιντο
513 868 614 930 παῖδες
630 865 671 930 εἷς
684 863 779 942 ἀλκὴν
793 860 888 944 δορός.

688 1002 724 1049 12

199 1071 333 1130 Stobaeus
344 1086 390 1146 71.
404 1092 433 1148 p.
443 1089 513 1145 432.

240 1165 284 1229 Ὤ
299 1169 484 1249 παγκακίστη
500 1168 546 1230 καὶ
562 1165 646 1248 γυνή·
671 1167 702 1228 τί
713 1168 772 1247 γὰρ
785 1163 886 1246 λέγων

244 1267 343 1350 μεῖζόν
357 1294 394 1332 σε
409 1267 486 1333 τοῦδ’
502 1271 616 1334 ὄνειδος
631 1269 741 1346 ἐξείποι
755 1294 798 1335 τις
812 1269 869 1339 ἄν;

694 1407 730 1472 ¹3

200 1475 335 1534 Stobaeus
352 1495 418 1549 114.
431 1495 460 1551 p.
471 1475 541 1551 585.

239 1570 286 1634 Ὦ
299 1577 362 1644 ποῖ,
379 1571 455 1634 νέων
469 1596 497 1634 τι
511 1575 584 1652 δρᾶν
598 1571 654 1649 μέν
669 1570 786 1633 έντονοι
799 1568 895 1652 χέρες,

247 1679 361 1756 γνῶμαι
375 1675 402 1736 δ’
418 1674 555 1751 ἀμείνους
569 1672 628 1736 εἶσὶ
641 1677 700 1735 τῶν
715 1672 904 1754 γεραιτέρων·

246 1778 263 1839 δ
278 1780 336 1859 γὰρ
350 1778 459 1860 χρόνος
472 1778 600 1858 δίδαγμα
613 1777 838 1855 ποικιλώτατον.
942 1805 945 1811 ’

161 1882 329 1939 Phumutus
343 1882 379 1940 de
394 1883 433 1941 N.
444 1883 479 1939 D.
495 1901 525 1957 p.
539 1898 606 1937 222.
628 1880 673 1937 ed.
686 1879 770 1937 Gale.
791 1880 837 1936 Ὦς
846 1881 898 1953 γὰρ
907 1881 970 1933 νέων
982 1900 1008 1934 τι
1021 1879 1086 1951 δρᾶν
1093 1877 1268 1952 εὐτονῶτεριιι

161 1983 187 2036 αδ
200 1985 294 2054 χεῖρες,
310 1979 377 2037 οὕτω
390 1983 477 2055 ψυχαὶ
490 1981 607 2051 ἀμείνους
620 1982 672 2033 τῶν
685 1979 841 2052 γεραιτέρων
853 1975 934 2034 πολύ.

696 2110 736 2168 I4

204 2178 338 2237 Stobaeus
354 2194 381 2253 7.
395 2199 423 2256 p.
439 2180 487 2237 86.

249 2273 373 2355 Θάρσος
385 2277 418 2338 δὲ
432 2274 506 2356 πρὸς
519 2277 571 2340 τὰς
586 2274 741 2354 συμφορὰς
754 2270 833 2352 μέγα
848 2270 959 2335 σθένει.

204 2478 338 2537 Stobaeus
353 2479 408 2537 ecl.
424 2479 505 2555 phys.
517 2479 575 2537 vol.
587 2479 609 2536 1.
625 2498 653 2554 p.
671 2498 680 2536 ι
686 2407 735 2554 51ης.

251 2574 333 2656 Πρδς
347 2574 401 2652 τὴν
413 2572 544 2655 ἀνάγκην
558 2574 656 2638 πάντα
670 2572 755 2638 τᾶλλ’
773 2573 836 2636 ἔστ’
852 2573 974 2650 ἀσθενῆ.

698 2696 737 2756 16

206 2780 305 2841 Schol.
316 2781 404 2838 Arist.
414 2781 502 2857 Vesp.
515 2798 582 2858 754.
604 2784 700 2855 Πάρις,
715 2777 737 2837 οἶ
749 2783 840 2855 σκιερά
853 2803 859 2837 :
876 2782 946 2854 παρὰ
959 2781 991 2835 τδ
1005 2780 1032 2835 εἰι
1048 2781 1267 2853 Βελλεροφόντου

164 2880 247 2949 παίζει
259 2885 340 2937 ταῦτα

253 2973 362 3056 Πάρες,
375 2971 398 3036 ὦ
412 2976 516 3054 σκιερδ
532 2976 660 3055 φνλλδς,
676 2974 796 3053 ὑπερβῶ

253 3081 376 3157 κρηναῖα
392 3075 479 3154 νάπη·
504 3075 557 3139 τδν
571 3077 645 3156 ὑπὲρ
661 3078 792 3157 κεφαλῆς

253 3177 343 3260 αἰθέρ’
357 3178 472 3242 ἰδέσθαι
486 3180 603 3242 σπεύδω
618 3179 675 3242 τίν’
691 3177 755 3260 ἔχει

254 3279 363 3344 στάσιν
378 3282 525 3347 Εἰνοδίας.

700 3418 714 3461 I

208 3488 358 3563 Aristoph.
375 3487 441 3544 Pae.
456 3503 503 3562 75.
521 3483 554 3542 Ὠ
565 3488 701 3560 Πηγάσιόν
713 3417 767 3558 Zet,
775 3488 854 3560 φησὶ,
863 3488 980 3559 γενναῖον
987 3487 1095 3558 πτερθνι
1111 3483 1162 3541 ubi
1173 3485 1266 3543 schol.

166 3587 237 3659 παρὰ
250 3588 280 3640 τδ
294 3586 322 3640 ἐκ
335 3588 558 3659 Βελλεροφόντου.
573 3586 667 3641 ἐκεῖνος
680 3587 731 3657 γὰρ
744 3586 786 3640 διὰ
800 3589 846 3639 τοῦ
860 3585 987 3657 Πηγάσου
999 3586 1047 3637 τοῦ
1059 3586 1194 3655 πτερωτοῦ
1207 3583 1267 3637 ε’πε-

168 3681 242 3753 θύμει
255 3685 296 3738 καὶ
309 3683 345 3738 εἷς
358 3684 404 3736 τὸν
417 3682 526 3753 οὐρανὸν
538 3681 655 3736 ἀνελθεῖν

250 3776 321 3859 Ἀγ’
338 3774 361 3839 ὦ
373 3777 467 3857 φίλον
480 3801 530 3854 μοι
544 3774 691 3857 Πηγάσου
706 3770 824 3854 πτερόν·

169 3881 279 3939 Eadem
295 3880 400 3938 Suidas
414 3901 441 3937 v.
466 3882 577 3953 ἰώρηρο,
593 3880 643 3937 ubi
657 3898 710 3955 pro
723 3881 819 3951 πτερόν
831 3876 921 3934 habet
942 3875 1114 3947 ταχύιπερον.
1137 3874 1268 3932 Porsono

170 3998 270 4036 versus
284 3997 401 4054 quoque
421 3995 484 4051 139·
505 3980 532 4033 τί
546 3978 568 4033 δ’
582 3977 613 4047 ἢν
626 3979 652 4035 ἐς
665 3979 745 4051 ὑγρὸν
757 3979 864 4031 πόντων
877 3977 945 4044 πίση
958 3975 1058 4040 βάθος;
1092 3992 1126 4030 ex
1152 3972 1268 4049 Euripi-

171 4076 214 4133 dis
229 4076 454 4150 Bellerophonte
466 4074 635 4150 desumptus
650 4093 713 4132 esse
727 4074 890 4131 videbatur.

212 4274 310 4333 Schol.
321 4274 408 4331 Arist.
422 4273 487 4331 Pac.
505 4292 536 4331 Η
542 4290 570 4348 5.
593 4277 641 4331 Καὶ
654 4185 753 4331 afflige
767 4275 984 4346 Βελλεροφόντου
