2850 4898
509 289 853 351 ΑΠΟΣΠΑΣΜΑΤΙΑ.
1165 290 1230 359 948

169 557 329 616 Athenoeus
345 560 396 618 IX.
412 580 441 636 p.
458 559 516 635 368
532 562 561 620 d.
584 565 633 618 Καὶ
653 479 792 637 Είίριπίδης
813 565 840 619 ἐν
861 566 979 638 Σκείρωνι
997 573 1017 595 “
1031 568 1099 622 Οὐδὲ
1120 569 1230 636 κωλῆνες

131 655 256 728 νεβρῶν.”

668 801 688 864 5

172 860 306 920 Stobaeus
320 883 369 938 44.
384 885 413 942 p.
430 882 500 940 307.

514 960 604 1026 Ἔστι
618 988 664 1026 τοι
679 962 772 1026 καλὸν

217 1061 284 1128 τοὺς
300 1062 404 1129 κακοὺς
419 1062 564 1139 κολάζειν.

172 1291 562 1370 vid.Fragm.Palam.xl.
671 1209 691 1269 ⁶

593 1576 765 1636 ΣΚΥΡΙΑΙ.

173 1776 278 1834 Sextus
292 1774 401 1851 Empir.
417 1710 757 1852 adv.Mathem.1,¹308.
773 1778 812 1835 *Η
826 1782 858 1836 τὸ
872 1783 940 1854 παρὸ
953 1785 991 1856 τῷ
1005 1782 1130 1855 Εὐριπίδῃ
1145 1782 1188 1837 ἐπὶ
1199 1785 1231 1849 τῇ

133 1874 295 1946 Λυκομήδους
309 1875 417 1947 θυγατρὶ
431 1875 569 1946 Δηιδαμείᾳ
580 1879 721 1949 λεγόμενον

176 1994 205 2032 α.
217 1966 259 2030 Ἡ
273 1974 343 2034 παῖς
357 1975 445 2033 νοσεῖ
457 1975 514 2033 σοῦ
529 1973 738 2039 κᾶπικινδύνως
752 1972 827 2054 ἔχει.

173 2076 206 2148 β.
216 2069 289 2151 πρὸς
303 2075 373 2145 τοῦς
398 2074 442 2140 τίς
457 2074 548 2152 αὐτὴν
561 2075 679 2154 πημονὴ
694 2075 868 2154 δαμάζεται;

216 2179 280 2252 μῶν
296 2174 401 2255 κρυμὸς
416 2176 503 2254 αὐτῆς
516 2180 631 2258 πλευρὰ
643 2177 783 2260 γυμνάζει
797 2180 909 2260 χολῆς;

130 2280 283 2335 πυνθάνεται
297 2282 348 2354 γὰρ
361 2281 396 2351 μή
410 2303 436 2336 τι
449 2282 599 2354 πλευριτικὴ
611 2285 702 2355 γέγονε
716 2283 759 2338 διδ
771 2284 802 2337 εδ
816 2283 877 2339 τοὺς
890 2282 1069 2353 σλευριτικοδς
1080 2281 1232 2350 βήσσοντας

132 2376 265 2447 δσάχολον
277 2378 388 2451 ἀνάγειν.

672 2508 690 2553 2

173 2572 309 2633 Stobaeus
329 2594 391 2650 103.
406 2595 436 2651 p.
450 2574 519 2651 561.

218 2674 291 2743 Φεΰ,
306 2677 365 2734 τῶν
378 2672 525 2752 βροτείων
540 2672 578 2737 ῶς
593 2673 745 2750 ἀνώμαλοι
759 2671 855 2753 τύχοι.

219 2775 248 2836 οί
261 2775 317 2853 μὲν
332 2777 390 2855 γὰρ
405 2774 437 2838 εὖ
452 2773 633 2853 πράσσουσι,
649 2778 710 2840 τοῖς
725 2774 757 2835 δὲ
772 2773 923 2854 συμφοραὶ

219 2877 346 2957 σκληραὶ
360 2875 497 2957 πάρεισιν
513 2875 693 2954 εὐσεβοῦσιν
708 2876 749 2940 είς
760 2874 854 2948 θεοὺς,

218 2980 267 3043 καὶ
279 2977 364 3043 πάντ’
380 2981 509 3060 ἀκριβῶς
524 2978 592 3042 κᾶπὶ
607 2978 773 3059 φροντίδων
787 2981 858 3057 βίον

219 3081 276 3146 σὺν
290 3085 330 3167 τῷ
345 3083 445 3167 δικαίῳ
459 3087 549 3157 ζῶσιν
564 3083 707 3164 αἰσχύνης
721 3082 802 3161 άτερ.

135 3188 169 3243 V.
186 3207 272 3263 1-3·
294 3188 432 3264 leguntur
452 3187 482 3243 in
497 3185 618 3243 Anthol.
634 3186 723 3243 Palat.
739 3186 778 3243 ΙΙ.
794 3206 822 3261 p.
839 3203 871 3259 31
884 3204 906 3242 ι.
924 3185 1041 3243 eosdem
1064 3186 1147 3242 affert
1168 3185 1230 3242 Ioh.

133 3286 232 3362 Lydus
247 3286 283 3343 de
301 3303 393 3341 mens.
408 3303 438 3359 p.
453 3282 501 3340 60.
517 3295 547 3341 et
567 3285 631 3341 108.
652 3283 702 3358 qui
720 3283 816 3358 priore
835 3281 901 3338 loco
920 3282 1073 3358 praeponit,
1093 3286 1162 3337 θεοῦ
1181 3286 1232 3355 γὰρ

132 3384 206 3440 ε’κτδε
225 3384 309 3439 οὐδεὶς
330 3383 433 3452 εὐτυχεῖ
451 3384 555 3454 βροτῶν
571 3379 621 3454 (nl.
635 3380 755 3452 βροτός).
777 3377 815 3436 V.
830 3395 859 3452 3.
886 3376 950 3436 Iob.
963 3379 1036 3455 Lyd.
1059 3391 1089 3438 et
1109 3379 1230 3437 Anthol.

133 3481 191 3538 εὖσ.
205 3481 271 3554 πρὸς
284 3477 366 3535 θεούς.

174 3676 309 3736 Stobaeus
327 3675 392 3735 108.
407 3696 435 3752 p.
451 3692 520 3751 579.
672 3604 692 3669 3

219 3771 316 3855 Σοφοὶ
332 3773 365 3834 δὲ
380 3771 618 3852 συγκρύπτουσιν
633 3769 743 3834 οἰκείας
755 3767 888 3848 βλάβας.

174 4020 348 4105 Hesychius,
360 4017 492 4092 Ζείνγλαςι
515 4020 596 4092 ζυγοὶ,
611 4017 626 4088 ἢ
640 3935 703 4090 με’ίίη
717 4022 765 4072 τοῦ
779 4020 866 4090 ζυγοῦ.
880 4018 920 4071 καὶ
935 4018 1066 4088 ζευκεῆρες
1080 4018 1232 4086 ίμαντάδεσ·

133 4141 184 4188 μοι.
208 4121 249 4174 καὶ
262 4120 426 4192 τροπωτῆρις
439 4118 631 4189 μεταφορικῶς.Ι
649 4116 789 4189 Εὐριπίδης
802 4115 927 4187 Σκυρίοις.
