<?xml version="1.0" encoding="UTF-8"?>
<!DOCTYPE html PUBLIC "-//W3C//DTD XHTML 1.0 Transitional//EN"
    "http://www.w3.org/TR/xhtml1/DTD/xhtml1-transitional.dtd">
<html xmlns="http://www.w3.org/1999/xhtml" xml:lang="en" lang="en">
 <head>
  <title>
</title>
<meta http-equiv="Content-Type" content="text/html;charset=utf-8" />
  <meta name='ocr-system' content='tesseract 3.04.00' />
  <meta name='ocr-capabilities' content='ocr_page ocr_carea ocr_par ocr_line ocrx_word'/>
</head>
<body>
  <div class='ocr_page' id='page_1' title='image "./tragoediaesuper00eurigoog_0555.png"; bbox 0 0 2850 4898; ppageno 0'>
   <div class='ocr_carea' id='block_1_1' title="bbox 537 269 1305 344">
    <p class='ocr_par' dir='ltr' id='par_1_1' title="bbox 537 269 1305 344">
     <span class='ocr_line' id='line_1_1' title="bbox 537 269 1305 344; baseline 0.001 -14"><span class='ocrx_word' id='word_1_1' title='bbox 537 269 879 332; x_wconf 85' lang='grc' dir='ltr'><strong>ΑΠΟΣΠΑΣΜΑΤΙΑ.</strong></span> <span class='ocrx_word' id='word_1_2' title='bbox 1196 269 1258 336; x_wconf 88' lang='grc'>981</span> <span class='ocrx_word' id='word_1_3' title='bbox 1303 339 1305 344; x_wconf 88' lang='lat'><em>.</em></span> 
     </span>
    </p>
   </div>
   <div class='ocr_carea' id='block_1_2' title="bbox 241 451 804 740">
    <p class='ocr_par' dir='ltr' id='par_1_2' title="bbox 241 451 804 740">
     <span class='ocr_line' id='line_1_2' title="bbox 241 451 804 535; baseline 0.004 -19"><span class='ocrx_word' id='word_1_4' title='bbox 241 452 276 516; x_wconf 83' lang='grc' dir='ltr'>τύ</span> <span class='ocrx_word' id='word_1_5' title='bbox 291 455 350 535; x_wconf 76' lang='grc' dir='ltr'>γὰρ</span> <span class='ocrx_word' id='word_1_6' title='bbox 366 453 398 517; x_wconf 85' lang='grc' dir='ltr'>εὐ</span> <span class='ocrx_word' id='word_1_7' title='bbox 411 451 474 533; x_wconf 87' lang='grc' dir='ltr'>μετ’</span> <span class='ocrx_word' id='word_1_8' title='bbox 491 456 563 534; x_wconf 77' lang='grc' dir='ltr'>ἐμοῦ</span> <span class='ocrx_word' id='word_1_9' title='bbox 579 455 626 520; x_wconf 79' lang='grc' dir='ltr'>καὶ</span> <span class='ocrx_word' id='word_1_10' title='bbox 641 454 675 518; x_wconf 83' lang='grc' dir='ltr'>τὸ</span> <span class='ocrx_word' id='word_1_11' title='bbox 690 455 804 518; x_wconf 85' lang='grc' dir='ltr'>δίκαιον</span> 
     </span>
     <span class='ocr_line' id='line_1_3' title="bbox 248 555 516 637; baseline 0.004 -18"><span class='ocrx_word' id='word_1_12' title='bbox 248 558 406 637; x_wconf 79' lang='grc' dir='ltr'>σύμμαχον</span> <span class='ocrx_word' id='word_1_13' title='bbox 422 555 516 630; x_wconf 86' lang='grc' dir='ltr'>έσται,</span> 
     </span>
     <span class='ocr_line' id='line_1_4' title="bbox 244 656 767 740; baseline 0 -20"><span class='ocrx_word' id='word_1_14' title='bbox 244 657 296 721; x_wconf 85' lang='grc' dir='ltr'>κού</span> <span class='ocrx_word' id='word_1_15' title='bbox 310 656 430 737; x_wconf 78' lang='grc' dir='ltr'>μήποθ’</span> <span class='ocrx_word' id='word_1_16' title='bbox 447 661 511 721; x_wconf 86' lang='grc' dir='ltr'>ἁλῶ</span> <span class='ocrx_word' id='word_1_17' title='bbox 526 661 601 723; x_wconf 64' lang='lat' dir='ltr'>nox&amp;</span> <span class='ocrx_word' id='word_1_18' title='bbox 611 658 767 740; x_wconf 78' lang='grc' dir='ltr'><strong><em>πράσσων.</em></strong></span> 
     </span>
    </p>
   </div>
   <div class='ocr_carea' id='block_1_3' title="bbox 156 785 1261 1349">
    <p class='ocr_par' dir='ltr' id='par_1_3' title="bbox 156 785 1261 1349">
     <span class='ocr_line' id='line_1_5' title="bbox 158 785 1260 858; baseline 0.003 -16"><span class='ocrx_word' id='word_1_19' title='bbox 158 787 301 843; x_wconf 87' lang='lat' dir='ltr'><strong>“Totum</strong></span> <span class='ocrx_word' id='word_1_20' title='bbox 322 786 419 844; x_wconf 86' lang='lat' dir='ltr'><strong>locum</strong></span> <span class='ocrx_word' id='word_1_21' title='bbox 441 787 513 845; x_wconf 77' lang='lat' dir='ltr'><strong>citat</strong></span> <span class='ocrx_word' id='word_1_22' title='bbox 533 786 615 844; x_wconf 88' lang='lat' dir='ltr'>Suid.</span> <span class='ocrx_word' id='word_1_23' title='bbox 631 806 661 846; x_wconf 88' lang='lat' dir='ltr'>v.</span> <span class='ocrx_word' id='word_1_24' title='bbox 682 787 852 858; x_wconf 77' lang='grc' dir='ltr'>παλαμᾶσθαι</span> <span class='ocrx_word' id='word_1_25' title='bbox 873 797 903 843; x_wconf 83' lang='lat' dir='ltr'>et</span> <span class='ocrx_word' id='word_1_26' title='bbox 917 785 1012 844; x_wconf 81' lang='lat' dir='ltr'>clem.</span> <span class='ocrx_word' id='word_1_27' title='bbox 1026 786 1111 844; x_wconf 86' lang='lat' dir='ltr'><strong>Alex.</strong></span> <span class='ocrx_word' id='word_1_28' title='bbox 1126 786 1178 844; x_wconf 76' lang='lat' dir='ltr'>ned</span> <span class='ocrx_word' id='word_1_29' title='bbox 1197 787 1260 846; x_wconf 79' lang='lat' dir='ltr'><strong>sino</strong></span> 
     </span>
     <span class='ocr_line' id='line_1_6' title="bbox 157 884 1260 961; baseline 0.002 -20"><span class='ocrx_word' id='word_1_30' title='bbox 157 884 278 941; x_wconf 85' lang='lat' dir='ltr'><strong>nomine</strong></span> <span class='ocrx_word' id='word_1_31' title='bbox 293 885 430 941; x_wconf 77' lang='lat' dir='ltr'><strong>auctoris.</strong></span> <span class='ocrx_word' id='word_1_32' title='bbox 473 885 538 943; x_wconf 83' lang='lat' dir='ltr'>Nec</span> <span class='ocrx_word' id='word_1_33' title='bbox 553 885 668 951; x_wconf 84' lang='lat' dir='ltr'><strong>Cicero,</strong></span> <span class='ocrx_word' id='word_1_34' title='bbox 684 885 734 960; x_wconf 92' lang='lat' dir='ltr'>qui</span> <span class='ocrx_word' id='word_1_35' title='bbox 751 885 814 943; x_wconf 86' lang='lat' dir='ltr'>haeo</span> <span class='ocrx_word' id='word_1_36' title='bbox 827 904 921 961; x_wconf 81' lang='lat' dir='ltr'>usque</span> <span class='ocrx_word' id='word_1_37' title='bbox 935 885 971 942; x_wconf 82' lang='lat' dir='ltr'>od</span> <span class='ocrx_word' id='word_1_38' title='bbox 981 905 1031 943; x_wconf 82' lang='lat' dir='ltr'>vv.</span> <span class='ocrx_word' id='word_1_39' title='bbox 1047 888 1078 941; x_wconf 81' lang='grc' dir='ltr'>τὸ</span> <span class='ocrx_word' id='word_1_40' title='bbox 1098 888 1149 961; x_wconf 73' lang='grc' dir='ltr'>γὰρ</span> <span class='ocrx_word' id='word_1_41' title='bbox 1163 886 1192 943; x_wconf 76' lang='grc' dir='ltr'>εὖ</span> <span class='ocrx_word' id='word_1_42' title='bbox 1204 886 1260 959; x_wconf 79' lang='grc' dir='ltr'>μετ’</span> 
     </span>
     <span class='ocr_line' id='line_1_7' title="bbox 156 981 1261 1059; baseline 0.003 -20"><span class='ocrx_word' id='word_1_43' title='bbox 156 985 219 1055; x_wconf 68' lang='grc' dir='ltr'>ἐμοῦ</span> <span class='ocrx_word' id='word_1_44' title='bbox 234 982 326 1048; x_wconf 78' lang='lat' dir='ltr'><strong>offert,</strong></span> <span class='ocrx_word' id='word_1_45' title='bbox 343 981 475 1039; x_wconf 76' lang='lat' dir='ltr'><strong>nominat</strong></span> <span class='ocrx_word' id='word_1_46' title='bbox 496 996 656 1049; x_wconf 81' lang='lat' dir='ltr'><strong>auctorem,</strong></span> <span class='ocrx_word' id='word_1_47' title='bbox 672 1002 760 1059; x_wconf 89' lang='lat' dir='ltr'>quem</span> <span class='ocrx_word' id='word_1_48' title='bbox 781 982 951 1059; x_wconf 85' lang='lat' dir='ltr'>Euripidem</span> <span class='ocrx_word' id='word_1_49' title='bbox 967 1002 1029 1041; x_wconf 82' lang='lat' dir='ltr'>esse</span> <span class='ocrx_word' id='word_1_50' title='bbox 1044 1001 1079 1041; x_wconf 83' lang='lat' dir='ltr'>ex</span> <span class='ocrx_word' id='word_1_51' title='bbox 1094 1003 1154 1041; x_wconf 90' lang='lat' dir='ltr'>uno</span> <span class='ocrx_word' id='word_1_52' title='bbox 1168 983 1261 1042; x_wconf 78' lang='lat' dir='ltr'><strong>Suido</strong></span> 
     </span>
     <span class='ocr_line' id='line_1_8' title="bbox 156 1079 1260 1157; baseline 0.004 -21"><span class='ocrx_word' id='word_1_53' title='bbox 156 1099 185 1138; x_wconf 86' lang='lat' dir='ltr'>v.</span> <span class='ocrx_word' id='word_1_54' title='bbox 199 1081 302 1135; x_wconf 80' lang='grc' dir='ltr'>ἁλωτὸν</span> <span class='ocrx_word' id='word_1_55' title='bbox 316 1079 471 1157; x_wconf 77' lang='lat' dir='ltr'>colligitur,</span> <span class='ocrx_word' id='word_1_56' title='bbox 482 1082 524 1136; x_wconf 73' lang='grc' dir='ltr'>καὶ</span> <span class='ocrx_word' id='word_1_57' title='bbox 536 1082 684 1155; x_wconf 74' lang='grc' dir='ltr'>Εὐριπίδης·</span> <span class='ocrx_word' id='word_1_58' title='bbox 706 1083 737 1137; x_wconf 87' lang='grc' dir='ltr'>οὐ</span> <span class='ocrx_word' id='word_1_59' title='bbox 750 1081 785 1152; x_wconf 74' lang='grc' dir='ltr'>μή</span> <span class='ocrx_word' id='word_1_60' title='bbox 799 1080 858 1136; x_wconf 80' lang='grc' dir='ltr'>ποθ’</span> <span class='ocrx_word' id='word_1_61' title='bbox 873 1081 929 1135; x_wconf 84' lang='grc' dir='ltr'>ίιλῶ</span> <span class='ocrx_word' id='word_1_62' title='bbox 939 1083 1002 1136; x_wconf 77' lang='grc' dir='ltr'>κακὰ</span> <span class='ocrx_word' id='word_1_63' title='bbox 1015 1084 1153 1155; x_wconf 80' lang='grc' dir='ltr'><strong><em>πράσσων.</em></strong></span> <span class='ocrx_word' id='word_1_64' title='bbox 1183 1082 1260 1140; x_wconf 79' lang='lat' dir='ltr'>Eum</span> 
     </span>
     <span class='ocr_line' id='line_1_9' title="bbox 157 1177 1259 1254; baseline 0.002 -21"><span class='ocrx_word' id='word_1_65' title='bbox 157 1177 277 1252; x_wconf 80' lang='lat' dir='ltr'>paulum</span> <span class='ocrx_word' id='word_1_66' title='bbox 292 1188 437 1234; x_wconf 81' lang='lat' dir='ltr'><strong>mutatum</strong></span> <span class='ocrx_word' id='word_1_67' title='bbox 456 1177 487 1234; x_wconf 90' lang='lat' dir='ltr'>in</span> <span class='ocrx_word' id='word_1_68' title='bbox 502 1179 706 1236; x_wconf 83' lang='lat' dir='ltr'><strong>Acharnenoes</strong></span> <span class='ocrx_word' id='word_1_69' title='bbox 726 1177 910 1235; x_wconf 78' lang='lat' dir='ltr'><strong>transsumsit</strong></span> <span class='ocrx_word' id='word_1_70' title='bbox 924 1177 1070 1254; x_wconf 80' lang='lat' dir='ltr'><strong>Aristoph.</strong></span> <span class='ocrx_word' id='word_1_71' title='bbox 1084 1178 1156 1254; x_wconf 81' lang='lat'><strong>659.</strong></span> <span class='ocrx_word' id='word_1_72' title='bbox 1178 1179 1215 1237; x_wconf 94' lang='lat' dir='ltr'>V.</span> <span class='ocrx_word' id='word_1_73' title='bbox 1231 1196 1259 1253; x_wconf 87' lang='lat'>3.</span> 
     </span>
     <span class='ocr_line' id='line_1_10' title="bbox 157 1272 1212 1349; baseline 0.005 -20"><span class='ocrx_word' id='word_1_74' title='bbox 157 1276 188 1329; x_wconf 81' lang='grc' dir='ltr'>τὸ</span> <span class='ocrx_word' id='word_1_75' title='bbox 200 1276 252 1349; x_wconf 72' lang='grc' dir='ltr'>γὰρ</span> <span class='ocrx_word' id='word_1_76' title='bbox 262 1273 291 1330; x_wconf 75' lang='grc' dir='ltr'>εὖ</span> <span class='ocrx_word' id='word_1_77' title='bbox 303 1272 358 1346; x_wconf 78' lang='grc' dir='ltr'>μετ’</span> <span class='ocrx_word' id='word_1_78' title='bbox 373 1276 446 1347; x_wconf 79' lang='grc' dir='ltr'>ἐμοῦ.</span> <span class='ocrx_word' id='word_1_79' title='bbox 469 1275 572 1333; x_wconf 83' lang='lat' dir='ltr'><strong>Cicero</strong></span> <span class='ocrx_word' id='word_1_80' title='bbox 584 1276 667 1335; x_wconf 82' lang='lat' dir='ltr'><strong>offert</strong></span> <span class='ocrx_word' id='word_1_81' title='bbox 681 1276 770 1334; x_wconf 76' lang='lat' dir='ltr'><strong>etiam</strong></span> <span class='ocrx_word' id='word_1_82' title='bbox 785 1275 822 1334; x_wconf 83' lang='lat' dir='ltr'>od</span> <span class='ocrx_word' id='word_1_83' title='bbox 838 1277 897 1332; x_wconf 87' lang='lat' dir='ltr'>Att.</span> <span class='ocrx_word' id='word_1_84' title='bbox 912 1276 965 1342; x_wconf 88' lang='lat' dir='ltr'>VI,</span> <span class='ocrx_word' id='word_1_85' title='bbox 986 1277 1029 1334; x_wconf 89' lang='lat'>1.”</span> <span class='ocrx_word' id='word_1_86' title='bbox 1050 1276 1212 1334; x_wconf 74' lang='grc' dir='ltr'>Μαπαιας.</span> 
     </span>
    </p>
   </div>
   <div class='ocr_carea' id='block_1_4' title="bbox 198 1415 1261 1578">
    <p class='ocr_par' dir='ltr' id='par_1_4' title="bbox 198 1415 1261 1578">
     <span class='ocr_line' id='line_1_11' title="bbox 198 1415 1261 1578; baseline 0.004 -24"><span class='ocrx_word' id='word_1_87' title='bbox 198 1498 320 1575; x_wconf 79' lang='lat' dir='ltr'><strong>Dionys.</strong></span> <span class='ocrx_word' id='word_1_88' title='bbox 337 1499 431 1557; x_wconf 83' lang='lat' dir='ltr'><strong>Holio.</strong></span> <span class='ocrx_word' id='word_1_89' title='bbox 447 1499 484 1557; x_wconf 83' lang='lat' dir='ltr'>de</span> <span class='ocrx_word' id='word_1_90' title='bbox 496 1502 634 1577; x_wconf 74' lang='lat' dir='ltr'><strong>Compos.</strong></span> <span class='ocrx_word' id='word_1_91' title='bbox 650 1521 677 1560; x_wconf 85' lang='lat' dir='ltr'>v.</span> <span class='ocrx_word' id='word_1_92' title='bbox 690 1415 787 1578; x_wconf 49' lang='lat' dir='ltr'>t15:54.</span> <span class='ocrx_word' id='word_1_93' title='bbox 803 1501 849 1560; x_wconf 88' lang='lat' dir='ltr'>ed.</span> <span class='ocrx_word' id='word_1_94' title='bbox 870 1500 977 1560; x_wconf 80' lang='lat' dir='ltr'><strong>schoef.</strong></span> <span class='ocrx_word' id='word_1_95' title='bbox 1000 1505 1092 1560; x_wconf 79' lang='grc' dir='ltr'>Καλῶς</span> <span class='ocrx_word' id='word_1_96' title='bbox 1109 1501 1141 1559; x_wconf 74' lang='grc' dir='ltr'>ἂν</span> <span class='ocrx_word' id='word_1_97' title='bbox 1154 1505 1211 1576; x_wconf 77' lang='grc' dir='ltr'>ἔχοι</span> <span class='ocrx_word' id='word_1_98' title='bbox 1228 1509 1261 1559; x_wconf 78' lang='grc' dir='ltr'>τὰ</span> 
     </span>
    </p>
   </div>
   <div class='ocr_carea' id='block_1_5' title="bbox 160 1600 816 2082">
    <p class='ocr_par' dir='ltr' id='par_1_5' title="bbox 160 1600 816 2082">
     <span class='ocr_line' id='line_1_12' title="bbox 160 1600 578 1672; baseline 0.002 -18"><span class='ocrx_word' id='word_1_99' title='bbox 160 1600 310 1672; x_wconf 75' lang='grc' dir='ltr'>Εὐριπίδεια</span> <span class='ocrx_word' id='word_1_100' title='bbox 323 1602 404 1654; x_wconf 86' lang='grc' dir='ltr'>ταῦτα</span> <span class='ocrx_word' id='word_1_101' title='bbox 417 1600 578 1672; x_wconf 74' lang='grc' dir='ltr'>έπενεγιεεῖνι</span> 
     </span>
     <span class='ocr_line' id='line_1_13' title="bbox 633 1693 749 1775; baseline 0.034 -18"><span class='ocrx_word' id='word_1_102' title='bbox 633 1693 686 1774; x_wconf 83' lang='grc' dir='ltr'>Μή</span> <span class='ocrx_word' id='word_1_103' title='bbox 699 1722 749 1775; x_wconf 86' lang='grc' dir='ltr'>μοι</span> 
     </span>
     <span class='ocr_line' id='line_1_14' title="bbox 244 1798 742 1882; baseline 0.002 -22"><span class='ocrx_word' id='word_1_104' title='bbox 244 1802 363 1861; x_wconf 80' lang='grc' dir='ltr'>λεπτῶν</span> <span class='ocrx_word' id='word_1_105' title='bbox 378 1799 503 1879; x_wconf 79' lang='grc' dir='ltr'>θίγγανε</span> <span class='ocrx_word' id='word_1_106' title='bbox 520 1799 630 1876; x_wconf 81' lang='grc' dir='ltr'>μύθων,</span> <span class='ocrx_word' id='word_1_107' title='bbox 646 1798 742 1882; x_wconf 74' lang='grc' dir='ltr'>ψυχή.</span> 
     </span>
     <span class='ocr_line' id='line_1_15' title="bbox 245 1899 816 1982; baseline 0.005 -19"><span class='ocrx_word' id='word_1_108' title='bbox 245 1900 277 1963; x_wconf 88' lang='grc' dir='ltr'>τί</span> <span class='ocrx_word' id='word_1_109' title='bbox 288 1901 419 1981; x_wconf 77' lang='grc' dir='ltr'>περισσὰ</span> <span class='ocrx_word' id='word_1_110' title='bbox 434 1904 555 1982; x_wconf 84' lang='grc' dir='ltr'>φρονεῖς</span> <span class='ocrx_word' id='word_1_111' title='bbox 567 1928 574 1972; x_wconf 74' lang='lat'>2</span> <span class='ocrx_word' id='word_1_112' title='bbox 600 1901 627 1962; x_wconf 78' lang='grc' dir='ltr'>εἰ</span> <span class='ocrx_word' id='word_1_113' title='bbox 640 1899 681 1979; x_wconf 70' lang='grc' dir='ltr'>μὴ</span> <span class='ocrx_word' id='word_1_114' title='bbox 693 1899 816 1979; x_wconf 78' lang='grc' dir='ltr'>μέλλεις</span> 
     </span>
     <span class='ocr_line' id='line_1_16' title="bbox 246 2000 665 2082; baseline 0.007 -20"><span class='ocrx_word' id='word_1_115' title='bbox 246 2003 447 2081; x_wconf 80' lang='grc' dir='ltr'>σεμνύνεσθαι</span> <span class='ocrx_word' id='word_1_116' title='bbox 460 2000 528 2082; x_wconf 86' lang='grc' dir='ltr'>παρ’</span> <span class='ocrx_word' id='word_1_117' title='bbox 544 2003 665 2080; x_wconf 86' lang='grc' dir='ltr'>ὁμοίοις.</span> 
     </span>
    </p>
   </div>
   <div class='ocr_carea' id='block_1_6' title="bbox 158 2149 1261 2406">
    <p class='ocr_par' dir='ltr' id='par_1_6' title="bbox 158 2149 1261 2406">
     <span class='ocr_line' id='line_1_17' title="bbox 690 2149 731 2212; baseline 0.098 -4"><span class='ocrx_word' id='word_1_118' title='bbox 690 2149 731 2212; x_wconf 80' lang='lat'>62</span> 
     </span>
     <span class='ocr_line' id='line_1_18' title="bbox 199 2249 1261 2327; baseline -0.005 -20"><span class='ocrx_word' id='word_1_119' title='bbox 199 2251 319 2327; x_wconf 79' lang='lat' dir='ltr'><strong>Dionys.</strong></span> <span class='ocrx_word' id='word_1_120' title='bbox 330 2251 397 2310; x_wconf 74' lang='lat' dir='ltr'><strong>Hal.</strong></span> <span class='ocrx_word' id='word_1_121' title='bbox 409 2250 448 2307; x_wconf 90' lang='lat' dir='ltr'>ib.</span> <span class='ocrx_word' id='word_1_122' title='bbox 458 2270 485 2326; x_wconf 89' lang='lat' dir='ltr'>p.</span> <span class='ocrx_word' id='word_1_123' title='bbox 498 2250 567 2321; x_wconf 79' lang='lat'><strong>426.</strong></span> <span class='ocrx_word' id='word_1_124' title='bbox 587 2252 633 2306; x_wconf 81' lang='grc' dir='ltr'>Ἐκ</span> <span class='ocrx_word' id='word_1_125' title='bbox 646 2252 674 2306; x_wconf 74' lang='grc' dir='ltr'>δέ</span> <span class='ocrx_word' id='word_1_126' title='bbox 687 2253 734 2322; x_wconf 71' lang='grc' dir='ltr'>τῆς</span> <span class='ocrx_word' id='word_1_127' title='bbox 746 2251 874 2322; x_wconf 77' lang='grc' dir='ltr'>ποιίγσεωε</span> <span class='ocrx_word' id='word_1_128' title='bbox 887 2254 933 2323; x_wconf 73' lang='grc' dir='ltr'>τῆς</span> <span class='ocrx_word' id='word_1_129' title='bbox 947 2254 1065 2323; x_wconf 74' lang='grc' dir='ltr'>ἰαμβικῆς</span> <span class='ocrx_word' id='word_1_130' title='bbox 1077 2252 1110 2305; x_wconf 76' lang='grc' dir='ltr'>τὸ</span> <span class='ocrx_word' id='word_1_131' title='bbox 1120 2249 1261 2322; x_wconf 75' lang='grc' dir='ltr'>Εὐριπίδου</span> 
     </span>
     <span class='ocr_line' id='line_1_19' title="bbox 158 2352 232 2406; baseline 0 -1"><span class='ocrx_word' id='word_1_132' title='bbox 158 2352 232 2406; x_wconf 81' lang='grc' dir='ltr'>παντί</span> 
     </span>
    </p>
   </div>
   <div class='ocr_carea' id='block_1_7' title="bbox 160 2441 918 3051">
    <p class='ocr_par' dir='ltr' id='par_1_7' title="bbox 160 2441 918 3051">
     <span class='ocr_line' id='line_1_20' title="bbox 241 2441 833 2526; baseline 0.002 -19"><span class='ocrx_word' id='word_1_133' title='bbox 241 2441 286 2507; x_wconf 77' lang='grc' dir='ltr'><em>Ὠ</em></span> <span class='ocrx_word' id='word_1_134' title='bbox 301 2449 373 2525; x_wconf 83' lang='grc' dir='ltr'>γαῖα</span> <span class='ocrx_word' id='word_1_135' title='bbox 386 2444 499 2525; x_wconf 82' lang='grc' dir='ltr'>πατρὶς,</span> <span class='ocrx_word' id='word_1_136' title='bbox 516 2442 553 2522; x_wconf 82' lang='grc' dir='ltr'>ἣν</span> <span class='ocrx_word' id='word_1_137' title='bbox 568 2442 683 2526; x_wconf 78' lang='grc' dir='ltr'>Πέλοψ</span> <span class='ocrx_word' id='word_1_138' title='bbox 698 2445 833 2526; x_wconf 79' lang='grc' dir='ltr'>ὁρίζεται.</span> 
     </span>
     <span class='ocr_line' id='line_1_21' title="bbox 247 2545 325 2629; baseline -0.013 0"><span class='ocrx_word' id='word_1_139' title='bbox 247 2545 325 2629; x_wconf 66' lang='grc' dir='ltr'>καθ’</span> 
     </span>
     <span class='ocr_line' id='line_1_22' title="bbox 160 2651 595 2725; baseline 0 -18"><span class='ocrx_word' id='word_1_140' title='bbox 160 2655 192 2708; x_wconf 84' lang='grc' dir='ltr'>τὸ</span> <span class='ocrx_word' id='word_1_141' title='bbox 205 2659 308 2724; x_wconf 86' lang='grc' dir='ltr'>πρῶτον</span> <span class='ocrx_word' id='word_1_142' title='bbox 321 2653 382 2725; x_wconf 77' lang='grc' dir='ltr'>ἄχρι</span> <span class='ocrx_word' id='word_1_143' title='bbox 395 2651 489 2707; x_wconf 85' lang='grc' dir='ltr'>τούτον</span> <span class='ocrx_word' id='word_1_144' title='bbox 503 2655 595 2707; x_wconf 73' lang='grc' dir='ltr'>κῶλον.</span> 
     </span>
     <span class='ocr_line' id='line_1_23' title="bbox 333 2768 918 2852; baseline -0.002 -19"><span class='ocrx_word' id='word_1_145' title='bbox 333 2772 366 2838; x_wconf 85' lang='grc' dir='ltr'>ὅς</span> <span class='ocrx_word' id='word_1_146' title='bbox 380 2796 412 2834; x_wconf 89' lang='grc' dir='ltr'>τε</span> <span class='ocrx_word' id='word_1_147' title='bbox 426 2769 536 2852; x_wconf 87' lang='grc' dir='ltr'>πέτρον</span> <span class='ocrx_word' id='word_1_148' title='bbox 549 2769 703 2850; x_wconf 82' lang='grc' dir='ltr'>Ἀρκάδων</span> <span class='ocrx_word' id='word_1_149' title='bbox 716 2768 918 2852; x_wconf 87' lang='grc' dir='ltr'>δνσχειμέρων</span> 
     </span>
     <span class='ocr_line' id='line_1_24' title="bbox 248 2873 507 2953; baseline 0.004 -16"><span class='ocrx_word' id='word_1_150' title='bbox 248 2876 318 2937; x_wconf 79' lang='grc' dir='ltr'>Πὰν</span> <span class='ocrx_word' id='word_1_151' title='bbox 335 2873 507 2953; x_wconf 72' lang='grc' dir='ltr'>ἐμβατεύεις</span> 
     </span>
     <span class='ocr_line' id='line_1_25' title="bbox 161 2977 514 3051; baseline -0.006 -17"><span class='ocrx_word' id='word_1_152' title='bbox 161 2982 193 3034; x_wconf 83' lang='grc' dir='ltr'>τὸ</span> <span class='ocrx_word' id='word_1_153' title='bbox 206 2977 326 3051; x_wconf 77' lang='grc' dir='ltr'>δεύτερον</span> <span class='ocrx_word' id='word_1_154' title='bbox 338 2979 415 3049; x_wconf 75' lang='grc' dir='ltr'>μέχρι</span> <span class='ocrx_word' id='word_1_155' title='bbox 428 2978 514 3032; x_wconf 83' lang='grc' dir='ltr'>τοῦδε.</span> 
     </span>
    </p>
   </div>
   <div class='ocr_carea' id='block_1_8' title="bbox 463 3093 802 3178">
    <p class='ocr_par' dir='ltr' id='par_1_8' title="bbox 463 3093 802 3178">
     <span class='ocr_line' id='line_1_26' title="bbox 463 3093 802 3178; baseline -0.009 -18"><span class='ocrx_word' id='word_1_156' title='bbox 463 3097 551 3160; x_wconf 85' lang='grc' dir='ltr'>ένθεν</span> <span class='ocrx_word' id='word_1_157' title='bbox 566 3097 690 3178; x_wconf 82' lang='grc' dir='ltr'>εὔχομαι</span> <span class='ocrx_word' id='word_1_158' title='bbox 704 3093 802 3177; x_wconf 88' lang='grc' dir='ltr'>γένος.</span> 
     </span>
    </p>
   </div>
   <div class='ocr_carea' id='block_1_9' title="bbox 159 3199 1088 3278">
    <p class='ocr_par' dir='ltr' id='par_1_9' title="bbox 159 3199 1088 3278">
     <span class='ocr_line' id='line_1_27' title="bbox 159 3199 1088 3278; baseline -0.005 -17"><span class='ocrx_word' id='word_1_159' title='bbox 159 3210 238 3261; x_wconf 85' lang='grc' dir='ltr'>τοῦτο</span> <span class='ocrx_word' id='word_1_160' title='bbox 251 3205 349 3278; x_wconf 89' lang='grc' dir='ltr'>τρίτον.</span> <span class='ocrx_word' id='word_1_161' title='bbox 370 3205 403 3259; x_wconf 81' lang='grc' dir='ltr'>τὰ</span> <span class='ocrx_word' id='word_1_162' title='bbox 416 3205 464 3273; x_wconf 67' lang='grc' dir='ltr'>μὲν</span> <span class='ocrx_word' id='word_1_163' title='bbox 476 3206 589 3275; x_wconf 78' lang='grc' dir='ltr'>πρότερα</span> <span class='ocrx_word' id='word_1_164' title='bbox 602 3200 706 3272; x_wconf 77' lang='grc' dir='ltr'>μείζονα</span> <span class='ocrx_word' id='word_1_165' title='bbox 714 3201 819 3271; x_wconf 84' lang='grc' dir='ltr'>στίχον,</span> <span class='ocrx_word' id='word_1_166' title='bbox 835 3202 914 3254; x_wconf 85' lang='grc' dir='ltr'>τοῦτο</span> <span class='ocrx_word' id='word_1_167' title='bbox 927 3199 956 3254; x_wconf 80' lang='grc' dir='ltr'>δέ</span> <span class='ocrx_word' id='word_1_168' title='bbox 969 3202 1088 3256; x_wconf 73' lang='grc' dir='ltr'>ἔλαττον.</span> 
     </span>
    </p>
   </div>
   <div class='ocr_carea' id='block_1_10' title="bbox 161 3319 1264 3603">
    <p class='ocr_par' dir='ltr' id='par_1_10' title="bbox 161 3319 1264 3603">
     <span class='ocr_line' id='line_1_28' title="bbox 249 3319 876 3405; baseline -0.008 -18"><span class='ocrx_word' id='word_1_169' title='bbox 249 3325 332 3405; x_wconf 83' lang='grc' dir='ltr'>Αὐγη</span> <span class='ocrx_word' id='word_1_170' title='bbox 347 3324 404 3403; x_wconf 69' lang='grc' dir='ltr'>γὰρ</span> <span class='ocrx_word' id='word_1_171' title='bbox 416 3319 529 3384; x_wconf 85' lang='grc' dir='ltr'>Ἀλέου</span> <span class='ocrx_word' id='word_1_172' title='bbox 542 3325 611 3386; x_wconf 85' lang='grc' dir='ltr'>ταῖς</span> <span class='ocrx_word' id='word_1_173' title='bbox 623 3346 662 3399; x_wconf 90' lang='grc' dir='ltr'>με</span> <span class='ocrx_word' id='word_1_174' title='bbox 676 3323 716 3405; x_wconf 69' lang='grc' dir='ltr'>τῷ</span> <span class='ocrx_word' id='word_1_175' title='bbox 730 3321 876 3405; x_wconf 66' lang='grc' dir='ltr'>Τιρυνθίῳ</span> 
     </span>
     <span class='ocr_line' id='line_1_29' title="bbox 248 3422 671 3506; baseline -0.012 -16"><span class='ocrx_word' id='word_1_176' title='bbox 248 3428 338 3490; x_wconf 83' lang='grc' dir='ltr'>τίκτει</span> <span class='ocrx_word' id='word_1_177' title='bbox 351 3426 500 3505; x_wconf 84' lang='grc' dir='ltr'>λαθραίως</span> <span class='ocrx_word' id='word_1_178' title='bbox 514 3422 671 3506; x_wconf 81' lang='grc' dir='ltr'>Ἡρακλεῖ·</span> 
     </span>
     <span class='ocr_line' id='line_1_30' title="bbox 161 3526 1264 3603; baseline -0.009 -15"><span class='ocrx_word' id='word_1_179' title='bbox 161 3535 225 3603; x_wconf 79' lang='grc' dir='ltr'>μετὰ</span> <span class='ocrx_word' id='word_1_180' title='bbox 238 3535 317 3586; x_wconf 72' lang='grc' dir='ltr'>τοῦτο</span> <span class='ocrx_word' id='word_1_181' title='bbox 332 3538 352 3562; x_wconf 84' lang='grc'><strong>“</strong></span> <span class='ocrx_word' id='word_1_182' title='bbox 364 3528 459 3602; x_wconf 72' lang='grc' dir='ltr'>ξίνοιθ</span> <span class='ocrx_word' id='word_1_183' title='bbox 473 3529 534 3602; x_wconf 78' lang='grc' dir='ltr'>ὅρος</span> <span class='ocrx_word' id='word_1_184' title='bbox 546 3527 702 3601; x_wconf 83' lang='grc' dir='ltr'>Παρθίνιον”</span> <span class='ocrx_word' id='word_1_185' title='bbox 717 3529 853 3600; x_wconf 81' lang='grc' dir='ltr'>οὐδέτερον</span> <span class='ocrx_word' id='word_1_186' title='bbox 873 3527 957 3582; x_wconf 84' lang='grc' dir='ltr'>αὐτῶν</span> <span class='ocrx_word' id='word_1_187' title='bbox 970 3528 1056 3602; x_wconf 76' lang='grc' dir='ltr'>στίχῳ</span> <span class='ocrx_word' id='word_1_188' title='bbox 1069 3526 1264 3601; x_wconf 79' lang='grc' dir='ltr'>σνμμετρούρε.</span> 
     </span>
    </p>
   </div>
   <div class='ocr_carea' id='block_1_11' title="bbox 161 3624 1010 3889">
    <p class='ocr_par' dir='ltr' id='par_1_11' title="bbox 161 3624 1010 3889">
     <span class='ocr_line' id='line_1_31' title="bbox 161 3624 1010 3699; baseline -0.008 -13"><span class='ocrx_word' id='word_1_189' title='bbox 161 3653 215 3688; x_wconf 83' lang='grc' dir='ltr'>νον.</span> <span class='ocrx_word' id='word_1_190' title='bbox 237 3625 283 3684; x_wconf 80' lang='grc' dir='ltr'>εἴτ’</span> <span class='ocrx_word' id='word_1_191' title='bbox 297 3628 370 3684; x_wconf 88' lang='grc' dir='ltr'>αὐθις</span> <span class='ocrx_word' id='word_1_192' title='bbox 383 3627 471 3699; x_wconf 66' lang='grc' dir='ltr'>ἕτερον</span> <span class='ocrx_word' id='word_1_193' title='bbox 484 3624 580 3698; x_wconf 83' lang='grc' dir='ltr'>στίχου</span> <span class='ocrx_word' id='word_1_194' title='bbox 593 3648 622 3680; x_wconf 89' lang='grc' dir='ltr'>τε</span> <span class='ocrx_word' id='word_1_195' title='bbox 635 3627 747 3681; x_wconf 78' lang='grc' dir='ltr'>ε’λαττον</span> <span class='ocrx_word' id='word_1_196' title='bbox 761 3628 802 3680; x_wconf 80' lang='grc' dir='ltr'>καί</span> <span class='ocrx_word' id='word_1_197' title='bbox 816 3627 911 3697; x_wconf 84' lang='grc' dir='ltr'>στίχον</span> <span class='ocrx_word' id='word_1_198' title='bbox 924 3629 1010 3696; x_wconf 75' lang='grc' dir='ltr'>μεῖζον</span> 
     </span>
     <span class='ocr_line' id='line_1_32' title="bbox 465 3718 866 3801; baseline 0 -17"><span class='ocrx_word' id='word_1_199' title='bbox 465 3721 537 3785; x_wconf 80' lang='grc' dir='ltr'>ἔνθα</span> <span class='ocrx_word' id='word_1_200' title='bbox 551 3718 652 3801; x_wconf 85' lang='grc' dir='ltr'>μητέρ’</span> <span class='ocrx_word' id='word_1_201' title='bbox 665 3721 777 3784; x_wconf 83' lang='grc' dir='ltr'>ὠδίνων</span> <span class='ocrx_word' id='word_1_202' title='bbox 793 3721 866 3799; x_wconf 72' lang='grc' dir='ltr'>ἐμὴν</span> 
     </span>
     <span class='ocr_line' id='line_1_33' title="bbox 249 3824 532 3889; baseline -0.007 0"><span class='ocrx_word' id='word_1_203' title='bbox 249 3826 360 3889; x_wconf 79' lang='grc' dir='ltr'>ἔλυσεν</span> <span class='ocrx_word' id='word_1_204' title='bbox 378 3824 532 3887; x_wconf 80' lang='grc' dir='ltr'>Εἰλείθυια</span> 
     </span>
    </p>
   </div>
   <div class='ocr_carea' id='block_1_12' title="bbox 162 3928 623 4002">
    <p class='ocr_par' dir='ltr' id='par_1_12' title="bbox 162 3928 623 4002">
     <span class='ocr_line' id='line_1_34' title="bbox 162 3928 623 4002; baseline -0.013 -14"><span class='ocrx_word' id='word_1_205' title='bbox 162 3935 204 3988; x_wconf 80' lang='grc' dir='ltr'>καί</span> <span class='ocrx_word' id='word_1_206' title='bbox 215 3931 248 3986; x_wconf 80' lang='grc' dir='ltr'>τὰ</span> <span class='ocrx_word' id='word_1_207' title='bbox 260 3933 320 4002; x_wconf 73' lang='grc' dir='ltr'>ἑξῆς</span> <span class='ocrx_word' id='word_1_208' title='bbox 333 3929 432 3984; x_wconf 84' lang='grc' dir='ltr'>τούτων</span> <span class='ocrx_word' id='word_1_209' title='bbox 444 3928 623 4001; x_wconf 79' lang='grc' dir='ltr'>παραπλίγσια.</span> 
     </span>
    </p>
   </div>
   <div class='ocr_carea' id='block_1_13' title="bbox 163 4049 1264 4408">
    <p class='ocr_par' dir='ltr' id='par_1_13' title="bbox 163 4049 1264 4408">
     <span class='ocr_line' id='line_1_35' title="bbox 694 4049 714 4109; baseline 0 0"><span class='ocrx_word' id='word_1_210' title='bbox 694 4049 714 4109; x_wconf 89' lang='grc'>6</span> 
     </span>
     <span class='ocr_line' id='line_1_36' title="bbox 205 4066 1264 4232; baseline -0.007 -19"><span class='ocrx_word' id='word_1_211' title='bbox 205 4155 342 4232; x_wconf 80' lang='lat' dir='ltr'><strong>Polybius</strong></span> <span class='ocrx_word' id='word_1_212' title='bbox 355 4155 394 4222; x_wconf 91' lang='lat' dir='ltr'>V,</span> <span class='ocrx_word' id='word_1_213' title='bbox 412 4154 477 4211; x_wconf 90' lang='lat'>106.</span> <span class='ocrx_word' id='word_1_214' title='bbox 507 4156 546 4210; x_wconf 88' lang='grc' dir='ltr'>Οὐ</span> <span class='ocrx_word' id='word_1_215' title='bbox 556 4155 607 4226; x_wconf 80' lang='grc' dir='ltr'>γὰρ</span> <span class='ocrx_word' id='word_1_216' title='bbox 620 4147 668 4207; x_wconf 82' lang='grc' dir='ltr'>οἶδ’</span> <span class='ocrx_word' id='word_1_217' title='bbox 681 4066 750 4208; x_wconf 56' lang='lat' dir='ltr'>onis</span> <span class='ocrx_word' id='word_1_218' title='bbox 763 4151 803 4206; x_wconf 80' lang='grc' dir='ltr'>ἀεί</span> <span class='ocrx_word' id='word_1_219' title='bbox 815 4171 879 4205; x_wconf 85' lang='grc' dir='ltr'>ποτε</span> <span class='ocrx_word' id='word_1_220' title='bbox 893 4149 1205 4220; x_wconf 73' lang='grc' dir='ltr'>Πελοποννήσιοι-κατὰ</span> <span class='ocrx_word' id='word_1_221' title='bbox 1217 4152 1264 4206; x_wconf 83' lang='grc' dir='ltr'>τὸν</span> 
     </span>
     <span class='ocr_line' id='line_1_37' title="bbox 163 4245 1017 4328; baseline -0.008 -18"><span class='ocrx_word' id='word_1_222' title='bbox 163 4254 304 4328; x_wconf 73' lang='grc' dir='ltr'>Εὐριπίδην</span> <span class='ocrx_word' id='word_1_223' title='bbox 318 4251 386 4321; x_wconf 73' lang='grc' dir='ltr'>ἦσαν</span> <span class='ocrx_word' id='word_1_224' title='bbox 398 4252 438 4307; x_wconf 73' lang='grc' dir='ltr'>ἀεὶ</span> <span class='ocrx_word' id='word_1_225' title='bbox 451 4249 628 4321; x_wconf 74' lang='grc' dir='ltr'>τλησίμοχθοί</span> <span class='ocrx_word' id='word_1_226' title='bbox 640 4270 707 4304; x_wconf 83' lang='grc' dir='ltr'>τινες</span> <span class='ocrx_word' id='word_1_227' title='bbox 721 4246 827 4302; x_wconf 80' lang='grc' dir='ltr'>κούποθ</span> <span class='ocrx_word' id='word_1_228' title='bbox 840 4245 936 4317; x_wconf 68' lang='grc' dir='ltr'>ἥσυχοι</span> <span class='ocrx_word' id='word_1_229' title='bbox 950 4245 1017 4319; x_wconf 83' lang='grc' dir='ltr'>δορί.</span> 
     </span>
     <span class='ocr_line' id='line_1_38' title="bbox 685 4350 815 4408; baseline 0 -1"><span class='ocrx_word' id='word_1_230' title='bbox 685 4350 757 4408; x_wconf 70' lang='lat' dir='ltr'>nlo</span> <span class='ocrx_word' id='word_1_231' title='bbox 811 4386 815 4396; x_wconf 91' lang='lat'>·</span> 
     </span>
    </p>
   </div>
   <div class='ocr_carea' id='block_1_14' title="bbox 0 0 1441 4898">
    <p class='ocr_par' dir='ltr' id='par_1_14' title="bbox 0 0 1441 4898">
     <span class='ocr_line' id='line_1_39' title="bbox 0 0 1441 4898; baseline 0 0"><span class='ocrx_word' id='word_1_232' title='bbox 0 0 1441 4898; x_wconf 95' lang='lat' dir='ltr'> </span> 
     </span>
    </p>
   </div>
  </div>
 </body>
</html>
