2844 4882
487 306 833 367 ΑΠΟΣΠΑΣΜΑΤΙΑ.

199 467 218 549 ή
233 475 336 551 πρῶτα
349 471 405 550 μὲν
420 470 496 536 λεδς
510 470 563 533 ούκ
579 469 705 537 έπακτδς
719 471 861 544 άλλοθεν,

201 573 380 655 αὐτόχθονες
395 569 419 634 δ’
436 571 560 654 έφυμεν·
590 574 621 635 αἱ
637 570 661 635 δ’
678 573 770 636 ἄλλαι
784 574 897 648 πόλεις,

200 679 324 739 πεσσῶν
339 676 446 753 ὁμοίως
460 678 616 755 διαφοραῖς
631 675 811 755 έκτισμέναι,

201 777 294 840 άλλαι
308 776 378 857 παρ’
392 777 496 839 ἄλλων
512 777 589 841 είσίν
605 779 811 860 είσαγόγιμοι.

200 881 282 947 ὅστις
297 877 321 943 δ’
338 876 387 943 ἀπ’
404 880 498 958 ἄλλης
511 880 622 946 πόλεος
636 881 735 956 οἰκίζει
749 882 849 955 πόλιν,

200 981 291 1064 ἁρμὸς
304 980 432 1062 πονηρός
446 978 547 1062 όσπερ
563 982 597 1045 έν
611 984 689 1068 ξύλιρ
704 984 819 1066 παγεὶς,

199 1087 281 1171 λόγῳ
296 1086 418 1165 πολίτης
434 1083 508 1158 έστί,
524 1090 585 1152 τοῖς
599 1083 623 1148 δ’
641 1085 774 1167 ἔργοισιν
789 1088 833 1151 ού.

201 1189 303 1252 ἔπειτα
314 1185 404 1250 τέκνα
417 1185 493 1250 τοῦδ’
512 1188 593 1251 έκατι
607 1189 754 1268 τίκτομεν,

201 1291 239 1357 ὡς
254 1295 330 1353 θεῶν
344 1315 378 1353 τε
391 1291 511 1370 βωμοὺς
523 1292 650 1371 πατρίδα
663 1315 696 1354 τε
709 1291 855 1372 ῥυόμεθα.

199 1395 316 1460 πόλεως
330 1394 356 1456 δ’
369 1393 486 1472 ἁπάσης
500 1391 617 1472 τοῦνομ’
634 1393 679 1469 έν,
694 1393 806 1457 πολλοὶ
820 1392 853 1456 δέ
868 1418 915 1457 νιν

201 1497 328 1559 ναίουσι·
352 1496 472 1562 τούτους
484 1502 545 1563 πῶς
559 1498 730 1578 διαφθεῖραί
740 1522 778 1576 με
791 1496 859 1580 χρὴ,

201 1597 270 1677 έξδν
284 1596 341 1679 πρὸ
356 1597 476 1661 πάντων
490 1599 562 1677 μίαν
575 1600 751 1679 ὑπερδοῦναι
767 1603 889 1673 θανεῖν;

202 1703 284 1782 είπερ
299 1702 357 1782 γάρ
372 1700 497 1780 άριθμὸν
512 1701 578 1763 οἶδα
594 1701 641 1764 καὶ
655 1700 861 1768 τούλάσσονος

201 1802 235 1866 τδ
249 1808 358 1882 μεῖζον,
375 1802 464 1881 οὑμὸς
477 1802 557 1869 οίκος
571 1803 606 1866 ού
620 1808 727 1866 πλεῖον
738 1802 840 1867 σθένει

202 1907 329 1970 πταίσας
343 1904 460 1983 ἁπάσης
474 1907 584 1971 πόλεος
599 1903 658 1969 οὐδ’
674 1907 743 1970 ίσον
758 1905 854 1988 φέρει.

203 2010 229 2071 εί
243 2006 267 2071 δ’
283 2006 321 2086 ήν
336 2008 369 2070 έν
385 2009 475 2073 οἴκοις
489 2008 556 2071 dm
570 2007 686 2086 θηλέων
702 2008 814 2092 στάχυς

203 2111 308 2191 ἄρσην,
323 2111 413 2173 πόλιν
428 2112 460 2173 δὲ
475 2111 605 2189 πολεμία
620 2118 739 2194 κατεῖχε
753 2110 843 2192 φλὸξ,

202 2213 255 2275 ούκ
269 2213 308 2276 άν
324 2237 370 2275 νιν
386 2211 551 2291 ἐξέπεμπον
567 2215 608 2279 είς
621 2213 720 2296 μάχην
735 2213 820 2294 δορδς

203 2313 332 2379 θάνατον
347 2312 545 2396 προταρβοῦσ’
559 2341 567 2388 ;
592 2313 660 2378 ἀλλ’
677 2316 746 2393 έμοί
757 2313 785 2396 γ’
802 2317 846 2395 εἵη
859 2315 959 2389 τέκνα,

203 2415 222 2479 ά
239 2417 287 2479 καὶ
301 2417 427 2499 μάχοιτο
443 2417 491 2479 καὶ
503 2413 566 2495 μετ’
582 2415 726 2498 ἀνδράσιν
740 2416 857 2498 πρέποι,

201 2519 242 2597 μή
256 2517 383 2602 σχήματ’
399 2519 499 2585 άλλως
514 2520 548 2582 έν
561 2522 650 2583 πόλει
664 2522 827 2602 πεφυκότα.

202 2624 240 2686 τὸ
253 2621 386 2703 μητέρων
401 2623 433 2684 δέ
448 2620 546 2703 δάκρυ’
562 2624 635 2686 ὅταν
649 2622 748 2703 πέμπῃ
763 2623 864 2703 τέκνα,

202 2722 334 2789 πολλοὺς
349 2721 465 2802 ἐθήλυν’
479 2726 520 2791 είς
533 2722 632 2808 μάχην
647 2725 844 2806 ὁρμωμένους.

202 2831 279 2905 μισῶ
294 2831 443 2907 γυναῖκας,
461 2827 569 2892 αίτινες
583 2826 640 2908 πρδ
656 2832 708 2890 τοῦ
723 2833 817 2891 καλοῦ

204 2930 321 2992 εἴλοντο
336 2932 443 2993 παῖδας
454 2929 500 2991 καὶ
515 2926 688 3010 παρήνεσαν
703 2929 788 2993 κακά.
952 3000 953 3003 ¹

205 3033 324 3111 καὶμὴν
340 3033 481 3097 θανόντες
494 3032 523 3112 γ’
539 3032 573 3095 έν
586 3031 668 3113 μάχη
682 3039 805 3096 πολλῶν
819 3031 895 3112 μέτα

203 3136 318 3213 τύμβον
333 3159 366 3196 τε
382 3131 481 3196 κοινὸν
497 3134 610 3216 ἔλαχον
626 3133 763 3198 εὔκλειάν
779 3133 803 3197 τ’
819 3138 898 3213 ἴσην.

203 3237 278 3316 τήμῇ
293 3237 325 3299 δέ
340 3237 421 3299 παιδὶ
435 3236 585 3318 στέφανος
600 3238 642 3303 είς
654 3241 706 3321 μιᾷ
721 3240 797 3318 μόνη

204 3341 320 3405 πόλεως
333 3341 466 3418 θανούσῃ
480 3338 562 3419 τῆσδ’
577 3342 651 3422 ὕπερ
666 3340 833 3420 δοθήσεται,

206 3443 253 3505 καὶ
266 3442 320 3521 τὴν
334 3447 480 3506 τεκοῦσαν
496 3444 543 3506 καὶ
557 3445 593 3506 σέ
608 3445 659 3508 δύο
676 3442 701 3507 θ’
717 3442 875 3526 ὁμοσπόρω

206 3547 308 3609 σώσει·
332 3546 363 3608 τί
374 3548 486 3610 τούτων
500 3548 568 3631 οὐχὶ
583 3547 723 3626 δέξασθαι
739 3545 831 3610 καλόν
845 3575 853 3621 ;

204 3649 258 3728 τὴν
273 3648 326 3711 οὐκ
341 3648 432 3727 έμήνθ
447 3649 527 3728 πλὴν
542 3653 633 3731 φύσει
648 3653 731 3713 δύσω
749 3647 837 3731 κόρην

206 3756 294 3815 θῦσαι
308 3750 365 3832 πρδ
381 3751 478 3832 γαίας.
503 3755 529 3815 εί
542 3756 599 3833 γὰρ
614 3751 802 3834 αἱρεθήσεται

205 3852 303 3932 πόλις,
320 3855 351 3916 τί
361 3855 474 3918 παίδων
489 3860 547 3916 τῶν
563 3857 640 3934 έμῶν
654 3854 778 3933 μέτεστί
789 3880 858 3933 μοις

207 3956 314 4020 ούκοΰν
329 3953 446 4019 ἅπαντα
461 3961 535 4038 γοῦν
550 3958 614 4034 ἐμοὶ
629 3955 807 4034 σωθήσεται·

207 4060 347 4141 άρξουσιν
362 4060 461 4132 ἄλλοι,
474 4057 551 4137 τήνδ’
570 4060 628 4139 ἐγὼ
640 4059 729 4121 σόσω
744 4055 843 4121 πάλιν.

208 4162 303 4224 έκεῖνο
319 4158 354 4233 δ’,
371 4162 405 4224 οὗ
420 4161 454 4223 τδ
469 4166 614 4224 πλεῖστον
630 4163 663 4224 ἐν
679 4164 766 4245 κοινῷ
779 4159 876 4240 μέρος,

207 4263 259 4326 οὐκ
271 4264 336 4327 ἔσθ’
353 4266 476 4342 ἑκούσης
490 4267 541 4343 τῆς
556 4267 625 4343 έμῆς
638 4269 739 4347 ψυχῆς
753 4265 823 4346 άπερ
839 4267 925 4348 (άνερ
941 4262 1058 4346 Valck)
