2844 4882
146 285 212 354 892
589 290 820 351 mmmm

682 475 723 536 ¹4

186 555 314 634 Etymol.
324 560 366 617 M.
382 579 412 637 p.
432 575 497 635 153,
510 579 560 636 31.
579 562 696 619 Ἀσιάτις
708 583 715 619 :
737 562 862 620 ’λσιάόος
871 561 1004 636 κροόματα
1015 565 1064 633 τῆς
1075 564 1198 634 κιθάρας.
1212 562 1261 620 σιἰ·

147 677 198 712 τος
216 654 408 730 Ἀριστοφάνης
423 658 553 732 (Τίιαςαι
570 658 652 736 126.)
675 655 741 724 εἶσι,
756 662 884 737 appo&
896 662 929 717 τά
940 661 973 733 ίε
984 659 1132 735 Ἐρεχθέος
1146 661 1262 735 Εὔμαι’·

148 754 205 812 δον.
227 754 390 830 ἡτρίχορθος
403 758 495 830 κιθάρα
507 756 574 813 οὕτω
588 761 712 815 καλείτω.

678 904 690 946 1

188 969 494 1038 811ίόαε,Ἀνόστατοιι
525 901 861 1031 flammina-«11
880 974 909 1029 δέ
929 975 1039 1043 σιλῖηναι
1055 973 1185 1043 πέμματά
1206 975 1264 1030 είσι

146 1072 246 1126 πλατέα
259 1073 408 1143 κυκλοτερῆ·
429 1073 537 1126 πέλανοι
553 1072 582 1127 δι’
601 1073 634 1126 τὰ
652 1072 690 1129 είς
707 1072 782 1129 θεοὺς
799 1072 1015 1143 πέμματα-καί
1032 1070 1061 1126 ίν
1073 1069 1201 1145 Ἐρεχθεῖ
1212 1074 1264 1131 τὰς

146 1167 259 1239 σελήνας
271 1170 400 1224 πελάνους
409 1167 508 1241 ε’ίρηκεν
521 1170 662 1242 Εὐριπίδης

234 1263 296 1325 Καί
306 1287 366 1340 μοι,
381 1261 478 1325 πολὺν
492 1264 551 1344 γὰρ
564 1261 698 1326 πέλανον
714 1260 872 1341 ἐκπέμπεις
885 1263 995 1342 δόμων,

233 1363 354 1446 φράσον
369 1364 499 1443 σελήνας
512 1363 604 1428 τόσδε
618 1365 744 1445 πυρίμσυ
757 1365 860 1447 χλόης.

148 1482 258 1542 Eadem
272 1485 411 1563 leguntur
421 1504 443 1542 ς.
454 1502 483 1542 v.
492 1489 609 1555 σιλῆνα.
632 1483 668 1541 V.
686 1502 712 1540 2.
727 1485 836 1558 πυρίνου
848 1484 990 1561 Τοαρῖυς.

680 1613 718 1674 16

203 1699 316 1766 Suidas,
342 1705 408 1757 Βοῦς
420 1699 545 1771 ἕβδομοςε
567 1702 688 1770 πέμματα
701 1702 794 1772 κέρατα
810 1702 904 1772 ἔχοντα
922 1702 986 1755 κατά
997 1701 1108 1772 μίμησιν
1120 1702 1172 1770 της
1185 1722 1264 1774 πριν-

146 1802 263 1872 τοφαοῦς
276 1798 394 1868 σελίηνης.
416 1799 524 1853 έκόλουν
542 1798 571 1852 δέ
590 1799 669 1852 αὐτὸν
680 1801 747 1864 βοῦν
764 1799 948 1871 προστιθέντες
960 1799 1001 1853 καί
1013 1799 1046 1853 τό
1058 1798 1186 1868 ἕβδομον,
1200 1800 1264 1855 ε’ττεῖ

148 1899 191 1952 ε’πί
205 1897 233 1969 ίξ
247 1900 303 1953 ταῖς
317 1895 439 1966 σελήναις
452 1893 574 1951 ε’πεθῦετσ
587 1889 665 1951 οὖτος
678 1895 798 1966 ἕβδομος.
818 1897 913 1966 ὁμοίως
924 1897 954 1952 θί
968 1898 994 1950 αί
1007 1898 1117 1966 σελῖηναι
1130 1897 1262 1968 πέμματα

148 1998 247 2052 πλατέα
261 1997 411 2068 κυκλοτερῆ,
425 1992 442 2049 ἃ
461 1997 501 2050 καί
515 1993 595 2050 οὕτως
614 1995 730 2049 ἐκάλουν.
751 1996 810 2049 ἔστι
826 1994 855 2049 δέ
868 1995 939 2067 παρά
951 1992 1077 2066 Εὐριπίδη
1092 1993 1120 2048 έν
1132 1992 1262 2067 Ἐριχθεῖ

148 2095 190 2148 καί
203 2093 263 2166 παρ’
274 2091 373 2168 Ἀχαιῷ
382 2094 409 2147 έν
416 2091 502 2165 Ἴριδι.

678 2237 714 2301 Ῑ7

188 2307 340 2385 Lycurgus
355 2305 419 2364 adv.
431 2309 565 2366 Leocrnt.
580 2328 609 2384 p.
628 2308 691 2373 160,
704 2325 732 2382 9.
744 2307 790 2365 ed.
800 2308 838 2365 H.
851 2306 953 2383 Steph.
965 2308 1023 2364 vol.
1031 2305 1085 2363 111.
1099 2324 1128 2382 p.
1141 2306 1260 2364 261.—

151 2405 217 2479 264.
233 2404 278 2463 ed.
293 2405 417 2463 Bekker.
432 2408 516 2461 Φασὶν
529 2411 669 2478 Εὔμολπον
682 2408 728 2461 τὸν
736 2407 901 2463 Ποσειδῶνος
910 2407 951 2460 καὶ
963 2407 1057 2475 Χιόνης
1068 2406 1135 2475 μετὰ
1143 2411 1260 2478 θρᾳκιῖιν

148 2506 235 2560 έλθεῖν
247 2507 293 2574 τῆς
306 2506 392 2578 χώρας
400 2503 727 2578 ταιῖτηςάμφισβητοῦντα,
740 2508 828 2576 τυχεῖν
837 2505 866 2560 δέ
876 2503 931 2559 κατ’
941 2502 1052 2561 ἐκείνους
1064 2502 1126 2559 τοὺς
1139 2506 1258 2576 χρόνους

147 2604 323 2671 βασιλεύοντα
336 2605 472 2676 Ἐρεχθέα,
491 2607 598 2676 γυναῖκα
619 2606 713 2674 ἔχοντα
732 2603 879 2675 Πραξιθέαν
898 2603 945 2671 τὴν
966 2603 1090 2674 Κηφισοῦ
1110 2602 1256 2674 θυγατέρα,

147 2704 263 2775 μιγάλου
277 2703 306 2757 δέ
320 2703 499 2774 στρατοπέδου
509 2704 652 2772 μελλοντσς
666 2703 752 2758 αὐτοῖς
761 2702 913 2767 εἰσβάλλειν
924 2701 960 2756 είς
970 2700 1017 2768 τίην
1026 2701 1122 2770 χώραν,
1135 2700 1174 2755 είς
1183 2703 1256 2754 Δελ-

148 2800 217 2873 ᾠσὺς
230 2801 275 2853 ίὼν
289 2798 373 2871 ἠρώτα
386 2802 433 2853 τὸν
446 2799 514 2864 θεὸν,
529 2800 556 2853 τί
565 2804 646 2853 πσιῶυ
659 2797 690 2853 ἂν
703 2801 773 2868 νίκην
786 2800 865 2864 λάβοι
878 2799 947 2870 παρὰ
960 2801 1012 2851 τῶν
1021 2797 1164 2867 πολεμίων.
1185 2797 1256 2869 χρίμ-

149 2918 243 2953 σαντος
255 2895 278 2951 δ’
286 2899 355 2972 αὐτῷ
365 2900 413 2951 τοῦ
426 2897 496 2960 θεοῦ,
506 2897 553 2964 τὴν
567 2896 695 2968 θυγατέρα
708 2896 731 2949 εί
744 2894 833 2950 θύσειε
846 2898 898 2966 πρὸ
907 2897 954 2948 τοῦ
963 2897 1110 2965 συμβαλεῖν
1120 2895 1158 2946 τὸ
1169 2916 1255 2966 orpu-

148 2995 258 3058 τοπέδω,
274 2995 410 3067 κρατήσειν
422 2999 475 3048 τῶν
493 2993 634 3063 πολεμίων,
650 2995 664 3044 ό
683 2993 711 3048 δέ
729 2996 765 3067 τῷ
781 2993 831 3068 θεῷ
848 2993 999 3062 πειθόμενος
1016 2989 1086 3046 τοῦτ’
1100 2993 1196 3064 ἔπραξε
1212 2995 1257 3048 καί

148 3093 209 3148 τοὺς
223 3093 486 3163 έπιστρστιυομένους
502 3092 529 3145 έκ
545 3092 590 3158 τῆς
608 3091 693 3161 χώρας
713 3090 831 3160 ἐξέβαλε.
854 3091 894 3144 διὸ
908 3090 950 3143 καί
963 3090 1064 3146 δικαίως
1077 3089 1108 3144 ἅν
1120 3112 1161 3146 τις
1175 3091 1257 3162 Εὔρι-

150 3188 227 3257 πίδην
241 3190 405 3253 ἐπαινέσειεν,
421 3187 461 3241 ὅτι
475 3189 507 3241 τό
521 3209 549 3240 τε
568 3185 628 3239 ἄλλ’
642 3186 677 3239 ὧν
694 3185 789 3258 ἀγαθὸς
806 3186 912 3254 ποιητὴς
932 3187 974 3239 καί
993 3189 1086 3238 τοῦτον
1103 3187 1151 3239 τὸν
1168 3187 1258 3256 μῦθον

148 3287 285 3359 προείλετο
292 3287 408 3353 ποιῆσαι,
421 3283 561 3356 ἡγούμενος
572 3284 715 3336 κάλλιστον
725 3279 756 3335 ὃν
766 3282 887 3354 γενέσθω
895 3284 950 3338 τοῖς
960 3280 1079 3337 πολίταις
1088 3283 1258 3356 παράδειγμα

148 3386 194 3440 τὰς
209 3384 308 3437 ἐκείνων
321 3385 437 3455 πράξεις,
452 3383 517 3453 πρὸς
530 3379 560 3437 ἃς
573 3380 770 3446 ἀποβλέποντας
780 3381 821 3434 καὶ
831 3380 990 3452 θεωροῦντας
1001 3378 1183 3446 συνεθίζεσθαι
1195 3384 1258 3439 ταῖς

148 3482 249 3553 ψυχαῖς
262 3484 293 3536 τό
307 3483 354 3551 τὴν
366 3482 478 3553 πατρίδα
491 3481 588 3552 φιλεῖν.
610 3478 683 3549 ι’ίξιον
696 3479 724 3533 δέ
739 3479 844 3532 καὶτῶν
858 3477 980 3547 ἰαμβείων
997 3476 1116 3541 ιίκοῦσαι,
1130 3474 1148 3531 ἃ
1161 3481 1258 3534 πεποί-

149 3602 192 3647 ηκε
205 3582 336 3652 λέγουσαν
349 3580 395 3649 τὴν
408 3581 506 3650 μητέρα
523 3580 569 3646 τῆς
585 3577 686 3633 παιδός·
709 3574 812 3648 ὄψεσθε
832 3577 883 3648 γάρ
899 3576 927 3629 έν
945 3576 1032 3631 αὐτοῖς
1048 3576 1258 3647 μεγαλοψυχίαν

148 3678 189 3730 καί
203 3679 368 3749 γενναιότητα
381 3677 455 3746 ἀξίαν
468 3677 508 3730 καί
522 3677 567 3744 τῆς
580 3677 682 3730 πόλεως
695 3677 736 3728 καί
749 3677 796 3728 τσῦ
809 3674 931 3746 γενέσθαι
945 3674 1069 3745 Κηφισοῦ
1082 3673 1214 3745 θυγατέρα

234 3790 296 3851 Τὰς
310 3784 433 3867 χάριτας
447 3787 529 3851 ὅστις
545 3785 671 3865 εὐγενῶς
685 3784 845 3866 χαρίζεται,

234 3890 317 3967 ἥδιον
329 3890 362 3952 έν
376 3893 543 3968 βροτοῖσιν·
567 3888 596 3950 οἳ
611 3889 643 3950 δὲ
659 3890 749 3966 δρῶσι
763 3888 829 3964 μὲν,

235 3994 333 4076 χρόνῳ
349 3993 380 4053 δὲ
396 3995 496 4071 δρῶσι,
514 3988 757 4070 δυσγενέστερον.

237 4095 295 4175 ἐγὼ
311 4096 343 4156 δὲ
357 4094 442 4156 δώσω
458 4093 510 4170 τὴν
528 4091 600 4170 ἐμὴν
614 4095 704 4153 παῖδα
721 4096 848 4153 κτανεῖν·

236 4198 389 4277 λογίζομαι
404 4197 435 4257 δὲ
451 4197 564 4270 πολλὰ,
581 4199 681 4273 πρῶτα
694 4195 750 4271 μὲν
765 4195 854 4255 πόλιν

236 4300 288 4361 οὐκ
303 4300 340 4361 ἄν
355 4297 408 4360 τιν’
425 4300 522 4376 ἄλλην
537 4301 625 4374 τῆσδε
640 4297 752 4374 βελτίω
768 4301 887 4373 λαβεῖν,
