2850 4898
506 290 850 352 ΑΠΟΣΠΑΣΜΑΤΙΑ.
1164 297 1231 363 887

125 451 162 509 V.
172 469 195 508 ι.
226 453 330 512 Sextus
344 455 455 531 Empir.
470 456 538 514 adv.
551 457 683 515 Gramm.
698 458 752 527 XI,
772 476 836 516 σοι.
851 479 880 536 p.
893 475 961 537 713.
985 462 1133 522 Lucienus
1148 466 1225 523 Gall.

124 550 182 609 vol.
196 550 220 608 1.
236 571 265 628 p.
281 567 346 628 153·
367 554 404 611 V.
421 572 507 627 1-4.
532 554 638 613 Sextus
652 556 736 631 Emp.
752 557 792 614 ib.
807 556 831 624 Ι,
849 574 915 632 279.
935 578 963 635 p.
978 576 1045 636 277.
1078 561 1226 642 Athenog.

124 650 202 725 apol.
219 670 248 727 p.
265 667 331 725 117.
353 652 378 708 Ε
393 652 619 728 Bellerophonte
628 653 737 728 petitos
748 671 811 711 esse
822 653 938 714 Seneca
951 658 1091 718 indicavit
1100 679 1149 738 ep.
1162 680 1172 718 ι
1184 679 1227 737 15.

124 749 272 807 memorie
287 768 396 816 errore,
408 763 441 808 ut
455 750 580 808 videtur.
603 751 641 806 V.
652 767 680 823 3.
702 752 730 806 ἐν
743 753 864 823 δόμοισιν
877 754 1044 814 Athenaeus.

660 889 697 955 ¹5

168 973 302 1034 Stobaeus
316 976 397 1036 XCI.
410 994 455 1051 23.
478 976 573 1042 XCII,
588 976 617 1034 6.
641 975 732 1034 Gaios.

204 1073 272 1156 'Ap'
289 1073 369 1136 οἶσθ’
384 1069 519 1154 ὁθούνεχ’
532 1073 561 1134 ol
574 1072 630 1150 μὲν
645 1070 777 1153 εὐγενεῖς
790 1077 909 1153 βροτῶν
962 1081 972 1098 ⁴

210 1176 335 1256 πένητες
349 1178 433 1241 ὄντες
447 1173 534 1236 οὐδὲν
550 1173 726 1254 ἓμφαίνουσ’
743 1172 795 1245 έτι,

211 1280 240 1344 οῖ
255 1277 279 1342 δ’
296 1279 383 1342 οὐδέν
396 1277 476 1357 ἦσαν
491 1277 633 1356 πρόσθεν,
650 1277 752 1353 ὄλβιοι
762 1277 794 1338 δὲ
810 1280 873 1349 νῦν,

212 1384 301 1461 δόξαν
316 1379 460 1462 φέρονται
475 1382 528 1441 τοῦ
543 1379 724 1457 νομίσματος
738 1377 837 1461 χάριν,

212 1486 259 1549 καὶ
274 1480 495 1563 συμπλέκοντες
509 1479 626 1561 σπέρμα
643 1480 690 1542 καὶ
703 1479 816 1561 γάμους
829 1478 959 1553 τέκνων;

212 1591 313 1651 δοῦναι
328 1586 360 1649 δὲ
374 1589 494 1664 μᾶλλον
507 1583 643 1667 πλουσίῳ
657 1587 714 1650 πᾶς
728 1608 771 1649 τις
787 1585 863 1668 κακηῖ

210 1689 358 1771 πρόθυμός
373 1689 457 1750 ἔστιν
472 1685 490 1766 ἢ
505 1686 609 1765 πένητι
626 1686 756 1770 κάγαθηῖ,

212 1790 299 1856 κακὸς
314 1788 338 1854 δ’
354 1791 371 1851 ὁ
385 1789 425 1867 μὴ
438 1787 522 1871 ’χιον,
537 1790 566 1851 οῖ
581 1786 605 1850 δ’
621 1787 742 1870 ἔχοντες
757 1789 867 1866 ὄλβιοι.

124 1896 161 1953 V.
176 1915 202 1952 2.
224 1895 323 1953 Codex
339 1893 426 1951 Poris.
440 1896 476 1950 A.
490 1893 586 1969 priore
599 1892 665 1949 loeo
679 1893 844 1964 eppaoova’,
859 1893 951 1952 altero
966 1895 1150 1966 oapaoow’.

592 2131 754 2191 ΔΙΚἹῪΣ.

671 2266 682 2308 l

167 2336 338 2395 Plutarchus
352 2336 458 2393 Moral.
473 2354 505 2410 p.
519 2333 583 2391 106.
608 2335 639 2391 ι0
653 2337 682 2390 δι’
695 2334 924 2408 παραμυθοάμινος
937 2338 984 2407 τὴν
999 2340 1100 2408 Δανάην
1113 2340 1226 2396 amp.

126 2438 224 2492 θοῦσαν
237 2435 330 2491 Δίκτυς
343 2435 412 2507 φησὶ

214 2535 321 2595 Δοκεῖς
335 2527 388 2591 τὸν
397 2526 504 2608 Ἀιδην
520 2534 583 2592 σῶν
597 2554 625 2593 τι
639 2531 809 2610 φροντίζειν
823 2530 904 2610 γόων

214 2632 261 2695 καὶ
276 2629 354 2695 παῖδ’
371 2629 494 2709 ἀνήσειν
509 2630 562 2694 τδν
577 2631 644 2705 σὸν,
661 2634 688 2695 εἰ
703 2630 802 2698 θέλοις
817 2630 956 2707 στένεινς

211 2738 333 2799 παῦσαι·
356 2731 517 2811 βλέπουσα
531 2732 555 2797 δ’
573 2735 614 2800 εἰς
628 2737 666 2797 τὰ
680 2740 739 2797 τῶν
753 2732 848 2801 πέλας
863 2738 938 2798 κακὰ

211 2834 293 2920 ῥᾴων
307 2835 399 2918 γένοι’
414 2833 461 2908 ἃν,
479 2837 506 2900 εί
519 2837 692 2918 λογίζεσθαι
706 2835 815 2909 θέλοις,

211 2940 279 3002 ὅσοι
294 2963 326 3002 τε
342 2943 462 3017 δεσμοῖς
478 2939 712 3023 έκμεμάχθηνται
726 2944 854 3020 βροτῶν,

211 3043 279 3105 ὅσοι
294 3067 326 3105 τε
341 3040 543 3124 γηράσκουσιν
558 3042 686 3124 ὀρφανοὶ
697 3040 819 3115 τέκνων,

211 3147 279 3212 τούς
293 3143 317 3208 τ’
335 3147 367 3208 ἐκ
381 3147 523 3227 μεγίστης
538 3145 646 3224 ὀλβίας
660 3145 830 3224 τυραννίδος

211 3247 245 3309 τὸ
259 3249 351 3328 μηδὲν
366 3249 463 3315 ὄντας·
489 3246 581 3312 ταῦτά
596 3273 632 3311 σε
649 3253 773 3311 σκοπεῖν
786 3249 892 3331 χρεόν.

127 3353 161 3408 V.
177 3370 205 3425 7.
227 3355 352 3427 μέγιστον
367 3351 529 3409 Elmsleius.

166 3552 300 3610 Stobaeuo
320 3568 365 3625 13.
380 3569 409 3626 p.
426 3565 490 3625 145.
666 3481 684 3525 2

211 3645 338 3727 Θάρσει·
361 3648 396 3708 τό
410 3671 455 3708 τοι
471 3646 583 3708 δίκαιον
599 3646 697 3726 ἰσχύει
710 3644 800 3726 μέγα.

165 3880 264 3939 Schol.
278 3879 368 3956 Soph.
383 3880 428 3957 Aj.
443 3878 511 3953 787.
534 3880 565 3934 Τι’
578 3880 604 3950 μ’
616 3879 648 3935 σθ
660 3795 801 3937 Ξάλαινανῑ
823 3883 889 3955 πρδς
899 3884 930 3936 τὸ
941 3883 1081 3955 Εὐριπίδου
1095 3881 1123 3936 έν
1135 3882 1225 3936 Δι’κτυῖ

125 3987 144 4011 “
156 3981 188 4035 Τι’
200 3978 226 4050 μ’
240 3980 299 4052 ιῖρτι
310 3981 433 4050 πημάτων
446 3979 608 4048 λελησμίνην
622 3977 709 4049 ὀρθοῖς
718 3977 743 4043 ;”

663 4132 685 4189 4

166 4201 300 4260 Stoboeus
313 4201 361 4258 81.
378 4220 406 4277 p.
423 4219 500 4283 474.

212 4299 264 4363 Ιδῖς
274 4296 331 4379 γάρ
347 4323 389 4363 τις
405 4297 470 4360 ἐστὶ
485 4297 581 4363 κοινὸς
596 4297 760 4376 άνθρθποις
776 4297 873 4374 νόμας,

614 4420 632 4457 κ
648 4420 663 4457 e
680 4419 695 4473 3
