2850 4898
498 289 845 353 ΑΠΟΣΠΑΣΜΑΤΙΑ.

208 449 307 530 φωτὸς
322 450 487 532 κακούργου
502 448 629 533 σχήματ’
646 452 860 531 ἐκμιμούμενοι)

209 554 259 616 σοὶ
273 551 352 631 τήνδ’
369 555 400 620 ἐς
415 553 514 631 εὐνὴν,
527 551 628 634 ὥσπερ
643 554 809 634 ἄνθρωπον,
825 560 942 634 μολεῖν.

122 658 241 729 Ἀμφίων
254 657 326 731 λέγει
338 662 370 726 τῇ
383 658 515 727 Ἀντιόπῃ.
554 657 632 716 Hinc
654 657 778 735 sumpsit
792 658 898 718 Euseb.
913 660 944 716 P.
957 659 991 717 E.
1012 679 1042 735 p.
1058 659 1118 734 679
1132 660 1162 719 d.
1177 661 1223 720 ed.

123 751 223 830 Viger.
238 752 268 809 in
284 754 390 829 quibus
401 773 454 830 pro
467 754 538 824 τήνδ’
549 754 737 813 scribendum
749 774 812 814 esse
823 756 882 827 Ζῆν’
892 755 1008 814 monuit
1018 755 1120 815 Valck.
1131 757 1222 815 Diatr.

122 871 151 927 p.
161 850 210 924 63.

562 953 568 961 ’
668 996 685 1060 7

164 1063 300 1124 Stobaeus
308 1080 358 1141 97.
373 1085 402 1142 p.
416 1066 485 1144 538.

208 1165 315 1242 Φρονῶ
330 1158 353 1224 δ’
370 1158 523 1244 δπθσχω·
550 1163 597 1225 καὶ
611 1160 670 1226 τόδ’
687 1164 722 1227 οὐ
737 1165 862 1245 σμικρὸν
877 1168 978 1230 κακόν·

208 1263 242 1325 τὸ
256 1263 297 1344 μὴ
312 1262 422 1328 εἰδέναι
437 1267 495 1345 γδρ
509 1264 619 1343 ἡδονὴν
634 1265 698 1348 ἔχει
713 1269 780 1330 τινὰ

210 1371 369 1431 νοσοῦντα·
394 1367 495 1448 κέρδος
510 1365 534 1430 δ’
551 1370 585 1432 ἒν
601 1374 699 1434 κακοῖς
713 1370 858 1451 ἀγνωσία.

122 1484 160 1542 V.
175 1502 199 1542 ι.
215 1498 261 1543 est
274 1486 351 1562 apud
367 1487 539 1545 Erotianum
553 1506 581 1563 p.
596 1505 662 1544 210.
673 1487 707 1545 ed
720 1488 822 1545 Franz.
837 1489 889 1546 ubi
903 1489 1010 1567 legitur
1022 1495 1123 1564 μικρόν.

174 1702 369 1775 Stobaeus72.
384 1721 413 1778 p.
425 1718 495 1778 439.
664 1616 682 1678 8

208 1798 256 1863 Οὐ
270 1798 466 1879 σωφρονίζειν
481 1797 602 1877 ἔμαθον,
619 1802 767 1862 αἰδεῖσθαι
781 1801 814 1862 δὲ
828 1799 897 1882 χρὴ,

208 1902 307 1983 γθναι,
323 1899 357 1963 κδ
372 1900 443 1963 λίαν
459 1900 507 1964 καὶ
517 1900 733 1982 φυλάσσεσθαι
747 1902 875 1979 φθόνον.

164 2124 262 2184 Schol.
278 2123 317 2180 ΙΙ.
329 2127 357 2193 λ,
369 2136 436 2197 774.
462 2125 559 2196 Χθρτοι
570 2124 599 2178 δὲ
615 2125 641 2178 οί
653 2055 757 2196 τὲιγχοδ
771 2124 808 2195 (s.
822 2121 963 2195 τροχολοὶ)
987 2124 1022 2180 ὣς
1035 2125 1076 2179 καὶ
1088 2125 1227 2198 Εὐριπίδης

122 2225 151 2278 ἐν
163 2222 288 2291 Ἀντιόπῃ

727 2314 823 2392 Οἰνόῃ

208 2419 364 2500 οιίγχορτα
377 2417 449 2479 ναίω
463 2416 552 2479 πεδία
565 2419 629 2480 ταῖς
643 2411 668 2476 τ’
683 2411 884 2496 Ἐλευθεραῖς.

123 2526 164 2580 καλ
175 2525 203 2580 ἐν
214 2522 378 2596 Ἀνδρομάχῃ
394 2517 435 2593 (v.
449 2524 510 2594 17.)
528 2520 629 2590 ὁμοίως.
651 2517 732 2576 Citst
746 2516 853 2577 Strabo
863 2519 947 2578 VIII.
965 2538 993 2596 p.
1001 2534 1059 2596 577
1076 2540 1103 2579 a.

165 2744 299 2804 Stobaeus
313 2743 361 2801 60.
372 2763 401 2819 p.
414 2741 483 2816 383.
655 2674 694 2719 10

209 2840 257 2905 Οὐ
270 2838 329 2922 χρή
342 2836 407 2902 ποτ’
423 2838 517 2918 ἄνδρα
530 2839 639 2900 δοθλον
654 2837 715 2898 ὄντ’
731 2836 889 2919 ἐλευθέρας

208 2942 327 3023 γνώμας
342 2941 466 3014 διιίκειν,
483 2938 542 3003 οὐδ’
555 2941 585 3005 ἐς
601 2940 708 3020 ἀργίαν
722 2938 862 3018 βλέπειν.

125 3045 160 3103 Ιιι
175 3045 240 3104 eod.
256 3046 345 3104 Psris.
357 3048 391 3104 Α.
408 3064 442 3104 ex
453 3043 604 3121 Antigona
618 3042 734 3101 citatur.

163 3259 299 3320 Stobaeus
312 3260 433 3319 ibidem.
658 3186 692 3231 H

378 3355 424 3418 Τδ
440 3357 548 3418 δοῦλον
562 3353 619 3435 οὐχ
634 3353 706 3435 ὁρᾷς
720 3351 795 3413 ὅσον
810 3348 900 3414 κακόν
914 3378 921 3422 ;

164 3594 297 3654 Stobaeus
311 3593 421 3652 ibidem
435 3613 464 3670 p.
478 3592 548 3667 384.
564 3602 637 3650 extr.
657 3521 695 3570 12

207 3693 271 3754 Φεῦ
285 3692 354 3772 φεῦ,
368 3688 402 3751 τδ
417 3692 526 3752 δοθλον
541 3688 579 3754 ὣς
593 3689 750 3768 δποντοχῆ
771 3683 859 3766 γένος

204 3791 277 3872 πρὸς
290 3791 345 3870 τὴν
360 3790 483 3855 ἐλάσσω
497 3794 605 3870 μοῖραν
620 3785 728 3867 ὥρισεν
743 3787 819 3852 θεός.
836 3807 838 3810 ’

163 4032 300 4090 Clemens
308 4031 392 4088 Alex.
408 4027 517 4087 Strom.
527 4028 551 4085 1.
561 4046 590 4104 p.
601 3956 840 4099 4181.3sspmssp
852 4025 880 4079 ἐν
892 4023 1016 4096 Ἀντιόπῃ
1030 4029 1115 4099 φησὶν

418 4137 531 4203 Ἐνδον
546 4139 579 4202 δὲ
595 4135 738 4217 θαλδμοις
752 4134 902 4214 βουκόλου

210 4249 344 4322 κομῶντα
359 4246 452 4329 κισσῷ
468 4245 580 4306 στῦλον
597 4240 688 4304 Εὐίου
703 4240 782 4302 θεοῦ.
