2850 4898
525 275 870 335 ΑΠΟΣΠΑΣΜΑΤΙΑ.
1189 275 1255 343 909

240 442 319 508 τάνδ’
336 445 448 526 ἐχθρὰν
463 442 572 505 στάσιν
588 441 659 524 εἶρη)
677 440 725 506 ἀπ’
742 445 831 506 οἴκων
1216 465 1255 507 ιο

239 551 295 610 τᾶν
308 544 491 625 μαινομένου
506 544 530 607 τ’
547 546 619 627 ἔριν,

240 651 334 734 θηκτῷ
349 646 535 728 τερπομέναν
550 647 670 732 σιδάρῳ.

195 839 367 896 Plutarchus
380 838 488 895 Moral.
504 857 531 912 p.
553 856 607 894 110
622 838 649 895 b.
670 752 888 911 ’θόκρεσφόντης
905 840 935 894 δέ
953 861 1004 894 που
1018 843 1033 894 ὁ
1045 843 1115 912 παρὰ
1127 844 1166 914 τῷ
1178 842 1253 913 Εὐρι-

154 939 216 1007 πίδη
231 939 351 1009 περὶτοῦ
364 936 523 1008 Ἡρακλέους
535 938 621 1008 λέγων

242 1033 280 1095 ΒΖ
294 1031 421 1111 μὲνγὰρ
435 1031 512 1092 οἰκεῖ
526 1031 631 1112 (φησὶ)
648 1029 786 1111 νερτέρας
800 1031 856 1093 ὑπὸ
875 1030 995 1113 χθονὸς,

243 1135 276 1197 ἓν
290 1139 387 1197 τοῖσιν
402 1131 495 1196 οὐκέτ’
512 1134 607 1205 οὖσιν,
625 1132 711 1195 οὐδὲν
727 1131 764 1195 άν
779 1133 893 1196 σθένοι.

688 1266 725 1331 Ι7

197 1340 368 1398 Plutarchus
382 1339 487 1396 Moral.
501 1358 529 1414 p.
545 1338 604 1413 998
619 1357 645 1395 e.
666 1342 759 1393 Σκόπει
773 1340 801 1394 δὲ
815 1342 857 1394 καὶ
869 1341 916 1409 τὴν
932 1342 960 1394 εἰι
980 1345 1012 1409 τῇ
1025 1341 1154 1414 τραγῳδίᾳ
1168 1344 1255 1412 Μερό-

156 1461 207 1508 πην
220 1440 263 1494 ε’πὶ
275 1441 321 1493 τδν
334 1440 389 1492 υἱὸν
402 1439 480 1492 αὐτὸν
496 1435 600 1509 (αὐτῆς)
617 1438 650 1493 ὡς
663 1439 746 1508 φονέα
759 1441 806 1492 τοῦ
820 1440 877 1492 υἱοῦ
894 1441 1005 1494 πέλεκυν
1018 1439 1145 1512 άραρὲνην
1158 1441 1199 1493 καὶ
1212 1440 1256 1493 λε’-

157 1557 258 1609 γουσαν

242 1628 428 1710 Ὁσιυτέραν
444 1628 478 1705 δὴ
493 1626 571 1706 τόνδ’
588 1628 646 1709 ἐγὼ
662 1629 766 1706 δίδωμί
778 1654 828 1691 σοι

244 1732 372 1812 πληγὴν,

158 1838 222 1892 ὅσον
235 1839 262 1893 ἐν
275 1842 312 1913 τῷ
324 1839 423 1911 θεάτρῳ
437 1837 527 1906 κίνημα
539 1839 616 1902 ποιεῖ,
632 1837 868 1908 συνεξορθιάζουσα
882 1838 969 1911 φόβῳ,
985 1840 1026 1891 καὶ
1039 1839 1098 1894 δέος
1115 1839 1151 1908 μὴ
1164 1839 1256 1909 φθάσῃ

157 1938 203 1989 τὸν
217 1936 455 2006 ἐπιλαμβανόμενον
468 1935 586 2006 γέροντα,
601 1936 642 1987 καὶ
656 1935 745 2005 τράση
759 1936 789 1987 τὸ
803 1936 942 2005 μειράκιον.

690 2045 726 2106 18

201 2133 396 2206 Stobaeus31.
413 2151 439 2206 p.
459 2149 527 2189 212.

246 2230 340 2293 Αἰδὼς
354 2229 387 2290 ἐν
402 2229 586 2308 ὀφθαλμοῖσι
601 2228 736 2307 γίγνεται
749 2225 866 2288 τέκνον.

616 2410 805 2468 ΚΡΗΣΣΑΙ.

200 2527 243 2584 De
258 2536 430 2605 argumento
445 2525 549 2581 fabulae
563 2524 653 2580 schol.
666 2523 803 2599 Sophocl.
819 2526 899 2601 Ajac.
915 2542 1001 2598 1297.
1024 2526 1257 2602 Aristop11.Ran.

162 2627 229 2700 873.
252 2624 379 2682 Acharn.
394 2639 464 2696 432.

201 2805 349 2880 Aristoph.
365 2805 452 2880 Vesp.
468 2819 535 2878 759.
702 2736 713 2778 l

719 2902 815 2960 Τοῦτο
831 2900 863 2960 δὲ

242 3001 347 3081 Ἀιδης
361 3005 503 3082 διακρινεῖ
514 3001 658 3080 πρότερον
672 2997 690 3078 ἢ
704 2998 758 3081 ’γὼ
772 3001 921 3079 πείσομαι.

161 3111 213 3167 ubi
227 3107 318 3166 schol.
339 3107 384 3161 Ἐν
405 3105 540 3178 Κρήσσαις
560 3105 701 3177 Εὐριπίδου
722 3107 737 3157 θ
756 3104 862 3177 Ἀτριδς
883 3107 948 3176 πρὸς
968 3106 1015 3175 τὴν
1034 3106 1161 3180 ’λιράπην
1182 3111 1260 3179 κρινεῖ

162 3212 253 3263 ταῦτα.
275 3206 325 3263 ubi
345 3206 372 3261 Τ
372 3204 477 3279 oupius
498 3203 626 3280 corrigit,
641 3205 706 3275 πρὸς
720 3204 766 3272 τὴν
779 3202 906 3273 Ἀερόπην
926 3205 1018 3274 φησὶν,
1029 3202 1120 3272 Ἀιδης
1140 3205 1261 3277 διακρινεῖ

162 3309 250 3360 ταῦτα.

204 3472 338 3529 Stobaeus
354 3484 402 3541 72.
418 3486 445 3541 p.
461 3485 530 3541 437.

250 3567 296 3630 Οὐ
311 3565 369 3646 γάρ
382 3561 446 3626 ποτ’
464 3563 556 3642 ἄνδρα
570 3562 623 3624 τὸν
638 3560 737 3641 σοφὸν
752 3563 868 3641 γυναικὶ
881 3561 939 3643 χρὴ

250 3673 351 3732 δοῦναι
364 3666 515 3749 χαλινοὺς,
532 3663 591 3727 οὐδ’
608 3661 711 3743 ἀφέντ’
728 3665 782 3725 ἓῖιν
797 3669 923 3741 κροτεῖν·

249 3769 357 3834 πιστὸν
373 3772 430 3850 γὰρ
445 3766 531 3831 οὐδέν
547 3768 639 3829 ἔστιν·
665 3764 740 3828 εἶδέ
753 3788 796 3830 τις
811 3769 893 3844 κυρεῖ

251 3871 389 3955 γυναικὸς
404 3872 521 3947 ἐσθλῆς,
540 3869 658 3950 εὐτυχεῖ
671 3866 761 3929 κοκδν
776 3867 893 3944 λαβών.

206 4080 338 4138 Stobaeus
354 4094 400 4151 70.
415 4095 443 4150 p.
456 4092 523 4147 430.
701 4003 720 4067 3

251 4180 377 4254 Γαμεῖτε
392 4175 446 4234 νῦν
460 4174 591 4252 γομεῖτε,
609 4165 682 4249 κᾷτα
698 4166 842 4244 θνήσκετε

250 4276 269 4354 ἣ
284 4272 485 4357 φαρμάκοισιν
500 4273 532 4334 ἐκ
546 4268 685 4351 γυναικὸς
698 4267 717 4345 ἢ
732 4271 839 4332 δόλοις.
