2850 4898
559 527 871 632 NOTAE.

597 785 814 832 -φ-

597 987 818 1054 RHESUS.

201 1122 238 1184 V.
256 1138 306 1206 23.
322 1120 444 1195 ὁπλίζου
458 1118 544 1202 χίρο,
557 1119 780 1209 ονμμόχων-]
796 1121 912 1208 Vulgo,
924 1123 1046 1199 ὁπλίζου
1057 1124 1133 1208 χέρα
1144 1127 1259 1208 &aaa

155 1246 223 1307 χον.
248 1222 394 1287 Correxit
409 1223 614 1286 Hermannus
627 1222 660 1286 in
676 1223 793 1310 Opusc.
810 1223 871 1289 vol.
888 1225 958 1289 111.
975 1249 1007 1313 p.
1023 1245 1097 1312 301.

198 1325 239 1389 V.
252 1327 433 1410 224-263.
458 1326 531 1388 Hoc
552 1347 676 1389 carmen
699 1341 731 1390 et
746 1326 886 1392 versibus
908 1350 971 1393 non
993 1343 1076 1394 recte
1094 1329 1258 1419 descriptis

155 1428 365 1492 deformatum
381 1426 540 1491 serebatur
553 1441 585 1490 et
607 1427 762 1515 scriptura
784 1429 891 1494 multis
913 1429 1014 1495 modis
1033 1431 1146 1520 partim
1162 1433 1203 1498 ab
1217 1433 1256 1498 li-

155 1529 266 1595 brariis
286 1543 435 1615 corrupta
456 1529 570 1616 partim
593 1529 633 1594 ab
656 1531 882 1596 correctoribus
904 1532 1038 1598 metricis
1059 1532 1257 1622 interpolata.

157 1635 237 1711 Quae
251 1632 355 1697 omnia
370 1630 509 1717 pristinae
523 1630 695 1718 integritati
709 1632 754 1697 ita
767 1632 857 1698 licuit
871 1634 1035 1701 restituere
1053 1650 1089 1701 ut
1104 1637 1181 1701 nihil
1194 1637 1256 1704 du-

156 1734 314 1800 bitationis
327 1732 470 1797 relictum
486 1731 641 1812 videatur,
656 1734 715 1799 nisi
730 1735 802 1822 quis
816 1736 911 1801 verba
926 1734 950 1801 ὦ
965 1734 1001 1820 (ἃ
1016 1739 1181 1825 typotheta
1195 1739 1257 1805 Al-

156 1837 265 1902 dinus:
289 1836 411 1901 codices
425 1857 532 1900 omnes
547 1833 585 1921 ὦ)
600 1839 649 1901 δία
665 1838 784 1919 κεφαλά
798 1838 831 1902 iu
846 1839 913 1903 vitii
931 1839 1138 1926 suspicionem
1153 1841 1256 1908 addu-

156 1962 225 2005 cere
239 1938 327 2018 velit‚
343 1961 416 2024 quae
431 1936 538 2001 multis
552 1938 661 2025 tragici
677 1938 844 2005 lectoribus
864 1939 1024 2005 offensioni
1041 1941 1138 2007 fuisse
1151 1944 1257 2009 credo.

157 2044 229 2120 Qua
244 2041 327 2106 enim
347 2055 449 2128 poetae
470 2038 547 2126 epici
568 2039 616 2105 usi
638 2056 713 2105 sunt
734 2041 880 2127 prosodia
901 2046 960 2117 δῖα,
977 2042 1107 2108 eandem
1124 2045 1259 2133 tragicos

156 2168 221 2209 esse
244 2156 366 2208 secutos
387 2141 560 2207 communis
581 2142 688 2229 opinio
709 2157 766 2223 est,
782 2144 886 2208 nescio
907 2167 972 2231 quo
990 2158 1118 2210 auctore
1132 2147 1257 2213 tradita.

157 2247 239 2311 Nam
256 2245 459 2309 Herodianus
474 2244 529 2308 ubi
543 2244 584 2308 de
598 2267 744 2310 mensura
757 2246 854 2334 hujus
865 2247 1008 2312 vocabuli
1021 2248 1086 2335 agit
1100 2248 1144 2313 ita
1158 2248 1260 2337 loqui-

156 2368 210 2415 tur
225 2363 261 2414 ut
280 2348 380 2413 solum
401 2346 560 2434 epicorum
581 2370 673 2411 usum
695 2363 860 2435 spectasse,
874 2348 915 2414 de
930 2349 1047 2415 Atticis
1065 2373 1127 2415 nou
1142 2351 1255 2437 quaesi-

158 2452 235 2516 visse
251 2449 405 2528 videatur,
419 2449 477 2513 nisi
493 2449 623 2514 Arcadii
637 2450 773 2535 epitome
786 2449 874 2516 fallat
885 2475 919 2539 p.
933 2471 1004 2537 194,
1019 2453 1067 2517 28.
1092 2456 1256 2535 σεσημείω-

156 2581 204 2619 ται
218 2554 252 2619 τὸ
266 2555 320 2633 μία
335 2552 382 2617 καὶ
395 2552 430 2615 τὸ
445 2557 493 2615 tta
507 2556 664 2634 γυναικῶν,
680 2564 712 2616 et
729 2551 785 2638 qui
808 2552 962 2618 Draconis
980 2576 1091 2619 nomen
1108 2555 1258 2621 mentitus

158 2655 332 2721 Herodiani
347 2653 462 2741 scripta
476 2652 656 2741 compilavit
669 2677 700 2741 p.
718 2669 771 2739 79,
788 2672 838 2737 17.
860 2659 899 2720 τὰ
917 2658 959 2723 εἰς
973 2683 1006 2724 os
1018 2657 1153 2740 λήγοντα
1167 2659 1257 2723 ὁπότε

158 2761 221 2843 ἔχει
236 2757 365 2838 θηλυκὸν
380 2759 422 2824 είς
436 2782 456 2820 ο
470 2759 576 2836 λῆγον,
592 2755 709 2823 πάντως
724 2757 788 2839 ἔχει
803 2755 999 2836 ἐκτεταμένον
1013 2759 1047 2822 τὸ
1063 2785 1134 2822 α-.
1158 2785 1259 2840 σημει-

157 2862 250 2926 οτίον
264 2863 322 2942 ἄρα
336 2860 537 2942 κατὰχρόνον
555 2856 589 2920 τὸ
607 2862 656 2921 δῖα
675 2863 840 2940 γνναικῶνι
866 2873 1027 2944 poetarum
1048 2875 1153 2925 autem
1169 2862 1257 2927 Atti-

157 2985 265 3028 corum
291 2958 435 3047 exempla
462 2958 613 3047 pleraque
638 2959 678 3023 ad
702 2960 948 3046 cognoscendam
976 2960 1104 3026 alterius
1129 2961 1259 3049 syllabae

158 3086 333 3130 mensuram
355 3062 432 3127 nihil
454 3062 631 3137 conserunt,
652 3077 689 3127 ut
706 3062 852 3149 AEschyli
873 3062 906 3127 in
923 3064 1064 3152 Supplic.
1080 3087 1111 3129 v.
1127 3085 1160 3150 5.
1183 3067 1257 3131 Νεί-

156 3178 222 3235 λου.
247 3171 314 3259 δίαν
328 3170 361 3232 δὲ
378 3170 530 3238 λιποῦσαι,
546 3179 661 3252 praeter
679 3164 760 3229 duos
779 3165 873 3241 locos,
889 3166 946 3253 qui
967 3180 1089 3233 tantum
1112 3167 1200 3234 abest
1223 3185 1260 3235 ut

157 3271 319 3357 vulgarem
341 3268 525 3333 confirment
546 3266 737 3352 opinionem,
753 3279 789 3331 ut
806 3266 983 3356 planissime
1002 3282 1154 3334 evertant.
1191 3272 1259 3335 Eo·

158 3397 228 3438 rum
243 3373 321 3437 alter
335 3371 386 3435 hic
403 3368 500 3434 Rhesi
516 3391 624 3433 versus
641 3381 698 3447 est,
714 3391 808 3455 quem
830 3370 954 3458 nequis
968 3387 1098 3460 propter
1112 3371 1258 3437 usitatam

157 3475 247 3540 istam
273 3475 306 3538 in
331 3472 474 3538 familiari
499 3494 640 3536 sermone
662 3471 929 3560 compellationem
953 3475 1070 3558 κεφαλὴ
1092 3489 1259 3563 suspectet,

157 3593 250 3667 poeta
272 3578 345 3642 satis
366 3577 448 3641 cavit
466 3601 504 3641 eo
522 3576 610 3663 quod
630 3575 712 3640 infra
730 3575 811 3641 dixit
824 3599 855 3640 v.
871 3573 985 3661 902.‹i›
1004 3580 1093 3660 φιλία
1106 3580 1195 3661 φιλία
1210 3604 1258 3644 κε·

157 3685 255 3765 φαλλ,
271 3679 415 3767 exempla
438 3692 565 3744 secutus
589 3678 767 3743 Homerica.
812 3678 908 3744 Alter
929 3679 1015 3745 locus
1036 3681 1069 3746 in
1092 3680 1258 3770 Iphigenia

159 3783 297 3849 Taurica
311 3797 358 3847 est
371 3805 401 3846 v.
417 3802 491 3868 403.
507 3780 551 3845 ita
565 3780 598 3845 iu
613 3780 700 3845 libris
716 3781 850 3869 scriptus

332 3887 451 3966 ἔβασαν
466 3886 585 3965 ἔβασαν
600 3885 722 3964 ἄμικτον
737 3882 816 3958 οἵαν,
834 3883 907 3950 ἔνθα
922 3884 1012 3967 κούρα

331 3987 480 4070 διοτίγγει

329 4089 449 4172 βωμοὺς
464 4092 512 4154 καὶ
522 4091 691 4171 περικίονας

332 4200 412 4259 vaov
427 4194 498 4274 aaa
512 4194 663 4276 βρότειον·
