2844 4882
501 302 845 363 ΑΠΟΣΠΑΣΜΑΤΙΑ.

160 554 293 612 Stobaeus
304 557 396 634 eclog.
412 557 495 634 phys.
505 557 563 615 vol.
575 557 599 615 Ι.
613 577 643 634 p.
658 491 690 616 ξι
697 559 726 618 6.

203 647 256 717 Ἐς
269 652 378 715 ταυτὸν
391 652 474 731 ἥκειν
489 655 565 735 φημὶ
578 656 631 721 τδς
644 661 764 736 βροτῶν
778 656 870 740 τύχας

204 751 282 816 τόνδ’
298 752 334 817 δν
349 760 493 819 καλοῦσιν
508 754 610 838 αἰθέρ’,
627 754 650 842 φ
665 756 726 820 τάδ’
743 757 808 821 ἔστι
823 758 869 838 δή.

203 855 288 922 οὗτος
302 855 405 939 θέρους
419 883 452 921 τε
465 859 604 939 λαμπρὸν
619 858 763 937 ἐκλάμπει
778 860 880 935 σέλας,

202 958 334 1040 χειμῶνά
348 957 373 1022 τ’
389 962 470 1039 αὔξει
484 963 630 1029 συντιθεὶς
644 962 756 1026 πυκνὸν
771 962 872 1045 νέφος,

203 1059 328 1125 θάλλειν
342 1087 376 1125 τε
390 1064 438 1127 καὶ
451 1064 502 1144 μὴ,
516 1068 570 1143 ζῆν
584 1090 618 1128 τε
633 1065 680 1128 καί
694 1066 814 1148 φθίνειν
828 1072 914 1131 ποιεῶ

202 1163 278 1226 οθτω
293 1166 326 1227 δὲ
341 1169 454 1245 θνητῶν
469 1166 587 1248 σπέρμα
601 1172 660 1231 τῶν
673 1169 730 1246 μέν
745 1169 865 1252 εθτυχεῖ

200 1270 323 1350 λαμπρᾷ
341 1267 467 1349 γαλήνη,
488 1274 548 1333 τῶν
562 1271 595 1333 δὲ
610 1277 758 1352 ουννεφεῖ
768 1271 870 1345 πάλιν,

202 1370 293 1442 ζῶσίν
305 1394 339 1433 τε
354 1370 411 1434 σὺν
426 1377 570 1446 κακοῖσιν,
586 1375 616 1436 οί
630 1372 653 1436 δ’
670 1375 767 1453 όλβου
781 1373 857 1452 μέτα

106 1525 110 1532 ,
201 1471 340 1551 φθίνοντ’
350 1473 455 1540 έτείοις
468 1481 650 1555 προσφερεῖς
663 1481 888 1557 μεταλλογαῖς..

79 1745 92 1758 ,
155 1687 290 1749 Stobaeus
309 1707 374 1769 7.p.
386 1692 433 1751 86.

200 1791 272 1861 Φεῶ,
288 1792 368 1852 τοῖσι
380 1791 566 1870 γενναίοισιν
581 1790 619 1855 ῶς
634 1791 808 1873 ἁπανταχοῦ

200 1889 307 1971 πρέπει
321 1892 471 1974 χαρακτὴρ
481 1890 612 1975 χρηστὸς
627 1894 669 1959 εἰς
684 1892 846 1976 εὐψυχίαν.

153 2091 287 2153 Stobaeus
305 2114 350 2153 10.
362 2116 391 2172 p.
404 2112 470 2171 127.
653 2012 672 2072 6

199 2192 358 2270 Κρείσσιον
371 2195 429 2274 γὰρ
444 2193 523 2258 οὔτις
532 2189 690 2276 χρημάτων
703 2191 810 2276 πέφυκ’
826 2194 909 2276 ἀνὴρ,

196 2292 277 2372 πλὴν
292 2295 382 2362 εἴτις·
410 2295 492 2361 ὅστις
506 2293 530 2358 δ’
553 2294 638 2361 οὗτός
653 2296 747 2373 έστιν,
763 2296 821 2380 οὐχ
835 2298 903 2378 ὁρῶ.

152 2495 287 2557 Stobaeus
303 2501 347 2558 16.
360 2521 389 2579 p.
407 2517 471 2577 153.
650 2432 665 2495 7

190 2590 299 2663 Ὅστις
313 2598 419 2676 δόμους
432 2599 488 2678 μὲν
501 2598 602 2678 ἥδεται
616 2599 847 2680 πληρουμένους,

195 2697 326 2780 γαστρός
340 2698 364 2763 δ’
380 2700 516 2782 άφαιρῶν
531 2706 616 2781 σῶμα
631 2703 777 2782 δύστηνον
793 2708 884 2776 κακοῖ,

195 2803 301 2864 τοῦτον
315 2803 420 2880 νομίζω
437 2803 484 2865 καὶ
499 2808 576 2867 θεῶν
590 2807 687 2867 συλῶν
699 2802 803 2884 βρέτη,

195 2907 256 2968 τοῖς
270 2903 425 2985 φιλτάτοις
438 2930 472 2967 τε
486 2904 631 2984 πολέμιον
645 2904 821 2986 πεφυκέναι.

149 3108 285 3169 Stobaeus
295 3111 346 3170 62.
360 3132 390 3189 p.
403 3112 473 3188 398.
648 3025 667 3086 8

189 3205 287 3291 Ἔρως
300 3211 358 3291 γάρ
373 3209 468 3291 άργὸν
483 3211 553 3274 κάπὶ
564 3215 626 3276 τοῖς
640 3211 742 3290 ἀργοῖς
757 3209 827 3291 ἔφυ·

193 3316 281 3393 φιλεῖ
293 3310 441 3393 κάτοπτρα
457 3312 504 3374 καὶ
519 3312 607 3390 κόμης
622 3311 819 3389 ξανθίσματα,

193 3414 300 3496 φεόγει
314 3415 347 3477 δὲ
360 3415 498 3497 μόχθους.
524 3413 557 3477 ἓν
568 3412 601 3477 δέ
610 3438 660 3491 μοι
675 3411 840 3494 τεκμήριον·

192 3515 288 3582 οὐδεὶς
299 3521 469 3597 προσαιτῶν
482 3516 589 3595 βίοτον
603 3514 718 3597 ἠράσθη
732 3520 862 3597 βροτῶν,

193 3618 227 3680 έν
237 3622 299 3684 τοῖς
312 3616 337 3681 δ’
354 3617 479 3700 ἔχουσιν
493 3618 604 3698 ἡβητης
618 3614 729 3700 πέφυχ’
746 3618 806 3681 ὅδε.

106 3720 142 3777 V.
162 3740 187 3780 1.
210 3722 299 3795 άργοῑς
320 3721 484 3780 Piersonus.
528 3722 662 3780 Stobaeus
683 3725 778 3796 ἔργοις.
802 3724 862 3778 κάπὶ
885 3721 1014 3781 τοιοθτοις
1036 3721 1207 3781 Plutarchus

104 3819 212 3879 Μοτιθ.
227 3840 256 3898 p.
273 3835 329 3896 757
346 3840 372 3878 α.
390 3819 470 3892 (coll.
488 3821 546 3895 760
561 3819 606 3897 d.)

145 4017 280 4076 Stobaeus
296 4033 344 4093 75.
356 4038 386 4095 p.
401 4033 472 4093 452.
645 3949 664 4013 9

189 4113 268 4192 Γυνὴ
282 4116 340 4196 γδρ
356 4115 520 4193 ἐξελθοῦσα
534 4109 678 4198 ποτρφων
692 4113 790 4192 δόμον

189 4215 225 4279 οὐ
234 4219 293 4280 τῶν
307 4217 453 4280 τεκόντων
467 4215 560 4289 ἐστὶν,
576 4216 658 4278 ἀλλὰ
672 4218 724 4277 τοῦ
738 4214 856 4297 λέχους·

591 4338 609 4375 τι
624 4336 641 4376 e
654 4336 669 4375 2
