2850 4898
515 269 859 330 ΑΠΟΣΠΑΣΜΑΤΙΑ.

180 545 349 602 Eustethius
362 562 390 618 p.
406 559 477 618 959,
493 560 541 614 42.
671 471 708 516 12

226 641 350 718 Εὕσημα
366 639 414 701 καὶ
429 643 470 701 σᾶ
485 637 533 700 καὶ
549 634 841 717 κατεσφραγισμένα.

675 775 710 840 ¹3

182 862 384 938 Harpocratio,
394 863 546 935 Ἀρκτεῦσαι
556 861 647 918 ι-ὅτι
657 862 685 915 δέ
698 861 880 931 ἆρκτευόμεναι
892 863 1015 934 παρθένοι
1028 863 1116 936 ι’ίρκτοι
1130 869 1238 919 καλοῦν·

139 981 180 1012 ται
195 960 335 1031 Εὐριπίδης
347 958 492 1030 Ὑψιπύλη.
518 956 603 1014 conf.
621 956 747 1013 Bekkeri
762 957 874 1014 Anecd.
890 976 919 1032 p.
935 975 1006 1030 444,
1023 976 1072 1031 32.

675 1087 687 1129 Ῑ
693 1087 714 1146 4

183 1172 356 1249 Hesychius,
384 1174 556 1246 Ἀναδρομαίε
587 1173 719 1244 αὐξὴσεις,
747 1173 919 1242 βλαστήσεις.
947 1175 1087 1246 Εὐριπίδης
1111 1175 1239 1244 Ἱκέτισιν,

139 1270 283 1343 Ὑψιπύλη.

672 1401 710 1465 ¹5

182 1487 308 1546 Bekkeri
327 1488 437 1546 Anecd.
453 1508 481 1562 p.
497 1504 547 1562 93,
566 1486 611 1542 26.
632 1485 772 1558 Ἐκδημίατ
796 1490 826 1542 οὗ
843 1491 923 1558 μόνον
943 1488 1080 1559 ἀποδημία.
1102 1491 1241 1563 Εὐριπίδης

140 1586 285 1659 Ὑψιπύλη.

673 1699 711 1760 16

181 1783 308 1842 Bekkeri
322 1783 434 1841 Anecd.
450 1804 479 1858 p.
500 1801 565 1857 109,
586 1798 630 1858 15.
653 1789 768 1857 Νεαρότε
790 1786 846 1841 ἀντὶ
860 1789 908 1840 τοῦ
923 1789 988 1844 νέος.
1011 1788 1151 1860 Εὐριπίδης
1160 1788 1237 1860 ’Υψι-

142 1881 221 1951 πύλη.

595 2022 785 2080 ΦΑΕΘΩΝ.

183 2223 288 2282 Strabo
304 2225 327 2281 1.
341 2244 370 2298 p.
387 2241 436 2297 33.
452 2223 498 2280 ed.
515 2223 638 2280 Cnseub.
655 2156 747 2299 p.l58.
763 2243 806 2300 sq.
820 2226 925 2283 Almel.
950 2228 980 2282 ὀ
996 2229 1135 2300 Εὐριπίδης
1148 2230 1191 2284 ἐπὶ
1205 2235 1242 2305 τῷ

142 2325 265 2379 Φαέθοντι
278 2327 325 2391 την
338 2323 472 2392 Κλυμένην
486 2323 555 2393 φησὶ

326 2420 447 2494 δοθῆναι
460 2415 578 2496 Μέροπι
593 2415 673 2494 τῆσδ’
691 2417 795 2480 ἄνακτι
809 2421 871 2498 γῆς,

227 2518 264 2595 ἣν
279 2520 312 2580 ἐκ
326 2520 493 2597 τεθρίππων
508 2518 645 2597 ἁρμάτων
659 2521 777 2598 πρώτην
790 2521 888 2602 χθόνα

223 2619 335 2687 Ἥλιος
349 2621 484 2703 ἀνίσχων
498 2619 612 2704 χρυσέᾳ
626 2620 739 2699 βάλλει
754 2625 859 2704 φλογί.

229 2727 354 2786 καλοῦσι
369 2720 392 2785 δ’
410 2722 500 2800 αὐτὴν
515 2722 647 2803 γείτονες
660 2722 865 2805 μελάμβροτοι

223 2823 290 2887 Ἕω
304 2826 440 2905 φαεννὰν
453 2820 565 2887 Ἡλίου
580 2822 605 2886 θ’
623 2824 826 2891 ἱπποστθσεις.

142 2935 187 2985 νῦν
200 2932 247 3000 μέν
261 2931 292 2999 δὴ
306 2931 391 2987 κοινὰς
404 2932 514 2983 ποιεῖται
532 2931 577 2985 τὰς
595 2932 766 2986 ἶπποστάσεικ
785 2934 816 2997 τῇ
836 2953 865 2984 τε
879 2930 940 2984 Ἠοῖ
957 2933 997 2985 καὶ
1016 2936 1052 3006 τῷ
1064 2933 1157 3007 Ἡλίῳ,
1173 2935 1200 2988 έν
1213 2936 1242 2988 δέ

141 3031 195 3084 τοῖς
210 3029 268 3098 ἑξῆς
281 3027 395 3095 πλησίον
409 3028 487 3081 αὐτάς
500 3029 584 3098 φησιν
597 3022 661 3080 εἶναι
675 3030 706 3095 τῇ
722 3027 821 3097 οἷκησει
834 3031 881 3082 τοῦ
897 3031 1026 3100 Μέροπος.
1049 3032 1090 3084 καὶ
1103 3029 1152 3098 ὅλη
1166 3053 1196 3103 γε
1211 3035 1243 3099 τῇ

142 3124 333 3199 δραματουργία
351 3128 429 3178 τοῦτο
448 3125 668 3195 παραπέπλεκται,
684 3125 715 3178 οὐ
736 3124 819 3193 δήπου
833 3127 879 3193 τῆς
891 3123 945 3179 κατ’
960 3123 1092 3198 Αἴγυπτον
1110 3128 1243 3185 Αἰθιοπίας

141 3222 208 3279 {teor
221 3221 260 3288 ὃν,
275 3225 378 3288 μᾶλλον
391 3224 419 3278 δὲ
433 3225 479 3291 τῆς
492 3221 551 3295 παρ’
566 3222 629 3276 θλον
640 3225 670 3276 τὸ
684 3223 861 3295 μεσημβρινὸν
871 3223 949 3292 κλίμα
959 3221 1095 3293 διηκοῦσης
1105 3227 1242 3298 παραλίας.

143 3320 268 3397 Diogen.
284 3319 317 3376 L.
333 3319 373 3384 II,
394 3338 439 3375 ιο.
455 3318 491 3376 de
506 3320 686 3395 Anaxagora,
702 3320 771 3390 φασὶ
785 3317 807 3373 δ’
822 3320 901 3374 αὐτὸν
913 3323 1045 3392 προειπεῖν
1061 3322 1108 3391 τὴν
1123 3325 1183 3397 περὶ
1197 3326 1242 3379 Ai-

141 3421 189 3490 γὸς
202 3419 318 3488 ποταμὸν
330 3420 468 3491 γενομένην
482 3421 529 3471 τοῦ
542 3417 618 3472 λίθου
632 3422 743 3482 πτῶσιν,
758 3415 787 3470 δν
800 3412 873 3471 εἶπεν
891 3418 918 3471 έκ
936 3420 983 3470 τοῦ
1002 3418 1076 3487 ἡλίου
1094 3423 1242 3476 πεσεῖσθαι·

143 3513 202 3569 ὅθεν
215 3517 256 3569 καὶ
270 3515 409 3587 Εὐριπίδην
422 3514 537 3585 μαθητὴν
550 3512 612 3568 ὄντα
626 3513 704 3567 αὐτοῦ
718 3515 833 3586 χρυσέαν
850 3517 940 3581 βῶλον
958 3513 1039 3568 εἰπεῖν
1057 3516 1103 3569 τὸν
1120 3517 1196 3585 ἥλιον
1217 3519 1244 3572 έν

142 3616 180 3686 τῷ
192 3613 326 3669 Φαέθοντι.
349 3620 368 3643 “
383 3610 461 3668 unde
475 3608 617 3666 Valcken.
633 3610 727 3666 Diatr.
744 3630 772 3686 p.
788 3627 836 3684 31·
858 3609 1060 3684 suspicabatur
1080 3611 1243 3689 Diogenem

143 3729 171 3766 v.
187 3727 216 3783 3.
237 3708 343 3786 legisse
362 3711 463 3782 χρυσέᾳ
483 3711 563 3783 βώλῳ
575 3710 680 3782 φλέγει.
709 3708 819 3765 Mirum
839 3728 910 3766 vero
931 3708 1094 3786 Diogenem
1116 3729 1132 3766 e
1152 3710 1242 3768 Phae-

144 3808 247 3864 thonte
262 3807 362 3873 citare,
378 3807 456 3882 qnod
472 3806 560 3863 etiarn
576 3807 605 3862 in
622 3806 728 3864 Oreste
743 3826 771 3864 v.
784 3822 853 3880 974.
874 3806 981 3884 legitur
994 3825 1050 3864 nec
1065 3825 1153 3883 quem
1164 3826 1243 3865 eom-

144 3904 231 3961 mode
245 3901 297 3961 Sol
311 3902 424 3962 dicetur
433 3905 533 3977 χρυσέᾳ
546 3907 627 3979 βώλῳ
639 3906 758 3977 φλέγειν,
775 3903 914 3982 intelligo.
957 3905 1061 3980 ltaque
1076 3905 1246 3963 memoriter

144 4002 238 4059 eitnns
252 4001 401 4080 Diogenes
415 4001 629 4058 Phaethontem
645 4019 697 4075 pro
712 3999 816 4057 Oreste
831 4001 997 4060 nominasse
1012 4002 1084 4058 mihi
1097 4003 1245 4061 videtur.”

144 4099 305 4156 Mrmnrn.
