2850 4898
622 281 774 346 NOTAE.
1167 284 1252 350 1007

147 455 241 518 Hanc
255 453 388 518 formam
404 451 548 518 vocabuli
563 450 725 516 annotavit
740 450 875 517 Photius
885 474 919 539 p.
931 468 1008 538 529,
1024 471 1072 517 12.
1096 456 1248 520 Σπαυίονε

147 556 269 635 σπάνιν,
284 570 317 621 et
332 555 472 620 similiter
487 553 680 641 Hesychius.

190 660 230 722 V.
246 674 319 742 247.
336 657 491 746 δυσάλιος]
509 659 609 722 Recte
623 655 768 721 δυσάλιον
784 656 851 721 duo
865 657 987 722 codices
1002 657 1162 736 Matthiae,
1177 659 1249 746 qui·

147 762 208 827 bus
222 784 305 826 nunc
319 760 440 826 accedit
455 759 635 826 Vaticanus.

192 882 230 944 V.
247 899 320 967 249.
336 881 384 944 καὶ
398 877 513 960 σαλεύῃ
527 879 624 954 πόλις,
642 881 707 944 ἔστι
721 883 848 962 Φρυγῶν
863 904 906 946 τις

322 984 405 1046 ἔστιν
421 983 555 1062 ἄλκιμος·
582 983 626 1046 ἔνι
640 984 673 1045 δὲ
688 980 799 1063 θράσος

323 1087 357 1149 ἐν
372 1087 475 1169 αίχμᾷ·
498 1086 567 1149 ποτὶ
582 1086 698 1148 Μυσῶν
713 1083 746 1150 ds
761 1085 837 1162 ἐμὰν
852 1087 1026 1168 συμμαχίαν
1040 1084 1138 1161 ἀτίζει.

150 1198 202 1261 lta
211 1196 293 1260 enim
305 1196 469 1282 vulgatum
483 1197 517 1260 άν
526 1198 646 1279 αἰχμαῖς
656 1195 724 1258 ποτὶ
735 1193 952 1280 corrigendum
963 1195 1025 1259 fuit
1033 1219 1071 1260 ex
1081 1195 1250 1276 codicibus,

149 1298 180 1362 in
192 1298 309 1384 quibus
321 1302 354 1363 ἐν
364 1302 456 1383 αἰχμᾷ
466 1299 534 1363 ποτὶ
546 1299 611 1362 sinc
622 1296 819 1362 distinctione
827 1310 1001 1378 exaratum,
1011 1299 1094 1363 unde
1103 1299 1253 1364 mirabilis

149 1416 219 1465 orta
232 1400 431 1487 quorundam
447 1400 672 1488 interpretatio,
690 1423 785 1487 quam
801 1413 952 1464 memorat
973 1401 1147 1481 scholiasta,
1163 1417 1251 1490 post·

150 1526 244 1590 quam
267 1502 334 1590 ipse
352 1525 457 1566 veram
479 1501 644 1589 proposuit
664 1501 791 1580 hancce,
808 1505 824 1565 ὁ
845 1502 899 1582 τὴν
917 1505 1090 1588 συμμαχίαν
1104 1503 1253 1581 ἀτίζωνθ

151 1609 235 1670 ἐστιν
250 1605 415 1680 εὐτελίζων,
431 1604 504 1686 πρὸς
520 1609 635 1668 Μυσῶν
651 1606 746 1667 ἐστίν.
792 1606 910 1668 Versus
923 1620 1027 1669 autem
1045 1606 1076 1670 in
1092 1606 1179 1671 libris
1193 1607 1252 1672 hoc

150 1707 245 1773 modo
268 1719 342 1772 sunt
363 1706 524 1795 descripti,
541 1708 589 1770 καὶ
611 1709 725 1786 σαλεύῃ
747 1709 834 1773 πόλις
852 1705 857 1794 Ι
878 1708 943 1772 ἔστι
965 1714 1091 1792 Φρυγῶν
1111 1737 1154 1778 τις
1170 1703 1263 1776 ἔστινι

151 1811 274 1890 ἄλκιμος
292 1809 297 1898 Ι
317 1811 362 1874 ἔνι
376 1812 408 1874 δὲ
424 1809 535 1891 θράσος
553 1807 684 1890 (Aldina
699 1809 821 1891 θάρσος)
837 1810 871 1873 ίν
881 1812 1001 1893 αἰχμαῖς
1014 1812 1082 1875 ποτὶ
1095 1818 1210 1877 Μυσῶν
1228 1813 1235 1902 Ι

151 1924 183 1975 et
197 1925 405 1998 congruenter
419 1910 493 1975 huic
507 1910 619 1974 rationi
634 1910 665 1973 in
680 1909 885 1996 antistropho.

195 2022 234 2084 V.
251 2025 324 2106 256.
341 2021 465 2087 Ultima
486 2020 583 2108 hujus
605 2043 712 2083 versus
735 2042 795 2083 vox
818 2019 850 2083 in
869 2019 1004 2084 editione
1019 2020 1140 2086 Aldina
1159 2035 1252 2110 typo-

152 2122 257 2201 thetae,
272 2125 394 2211 opinor,
410 2124 503 2211 culpa
517 2123 630 2187 omissa
643 2122 715 2186 fuit.
761 2121 893 2186 Codices
908 2121 955 2186 vel
975 2125 1023 2187 ἐπὶ
1038 2126 1125 2208 γαίας
1139 2124 1188 2189 vel
1204 2127 1254 2190 ἐπὶ

151 2228 223 2312 γαίᾳ
232 2227 281 2291 vel
299 2229 347 2291 ἐπὶ
359 2234 458 2310 γαῖαν.
489 2230 578 2312 Ergo
592 2240 649 2289 aut
665 2226 713 2288 ἐπὶ
728 2229 783 2306 γᾶς
793 2239 848 2352 abit
864 2226 912 2289 ἐπὶ
923 2229 963 2311 γᾷ
974 2239 1030 2290 aut
1045 2227 1094 2290 άπὶ
1108 2233 1166 2310 γᾶν
1181 2227 1254 2293 scri-

152 2361 303 2426 bendum.
349 2362 444 2441 Quod
469 2362 502 2426 in
527 2359 702 2425 Havniensi
724 2376 771 2424 est
797 2361 845 2425 ἐπὶ
869 2366 958 2443 γαῖαν
978 2363 1068 2445 ἔχων,
1091 2362 1254 2428 librarium

153 2464 249 2528 verba
264 2466 343 2548 ἔχων
359 2466 408 2530 tart
422 2472 512 2549 γαῖαν
526 2463 636 2528 calami
651 2463 740 2549 lapsu
757 2462 981 2550 transposuisse
998 2463 1124 2529 indicat.
1169 2468 1252 2531 Nam

151 2563 183 2627 in
201 2565 361 2646 Vaticano,
383 2589 518 2653 quocum
541 2588 738 2630 communem
761 2565 911 2654 originem
935 2565 1029 2632 habet
1052 2568 1254 2648 Havniensis,

152 2667 302 2753 scriptum
327 2670 406 2753 ἔχων
429 2670 478 2733 ἐπὶ
500 2675 590 2750 γαῖαν
611 2667 699 2750 θηρὸς
721 2671 840 2734 ἔλοι-.
887 2670 1036 2733 Ceterum
1059 2671 1127 2757 pari
1149 2695 1254 2737 errore

152 2769 245 2833 etiarn
262 2770 423 2857 proximus
438 2794 546 2835 versus
560 2770 592 2834 in
613 2769 757 2857 pluribus
774 2771 933 2836 codicibus
951 2771 1137 2838 acatalectus
1151 2774 1255 2841 factus

152 2887 209 2947 est,
226 2873 371 2937 Μενέλαν
386 2873 418 2936 in
434 2873 597 2937 Μενέλαον
612 2886 743 2935 mutato.

198 2985 236 3048 V.
248 3005 323 3070 457.
340 2985 440 3050 ἐθέλοι
455 2984 508 3048 τὸν
530 2984 607 3065 ἀμφὶ
629 2988 712 3048 σοῖσι
731 2983 908 3047 Hermanni
929 2984 1104 3051 emendatio
1125 3004 1183 3065 est,
1197 2990 1254 3075 qui

153 3087 408 3174 antistrophicam
423 3086 520 3173 hujus
534 3084 678 3149 carminis
692 3084 842 3149 rationem
858 3085 978 3172 primus
995 3088 1128 3174 speruit.
1166 3091 1254 3156 libri

154 3190 255 3254 ἐθέλοι
269 3191 346 3271 ἀμφὶ
361 3194 435 3256 σοῖς.

197 3301 237 3364 V.
252 3320 326 3384 459.
342 3300 427 3388 sipla]
444 3299 514 3379 sipla
529 3296 593 3361 ποτ’
610 3298 824 3362 Hermannus.

198 3413 235 3475 V.
247 3415 321 3493 461.
337 3419 398 3478 πῶς
412 3410 469 3492 γάρ
477 3435 528 3489 μοι
539 3407 700 3491 Ἀχιλλεὺς
717 3408 724 3494 Ι
743 3409 776 3472 τὸ
789 3409 847 3473 σὸν
859 3409 949 3492 ἔγχος
959 3409 997 3473 ἂν
1010 3411 1127 3475 δύναιτο
1146 3409 1151 3498 Ι
1172 3414 1257 3477 Her-

154 3537 297 3588 mannus,
310 3529 340 3578 et
350 3538 380 3576 v.
390 3517 465 3594 464.
479 3515 505 3576 εί
518 3514 575 3593 ’γὰρ
588 3512 648 3595 ε’γῖο
662 3513 730 3575 τόδε
741 3510 770 3593 γ’
782 3511 860 3592 ἦμαρ
870 3511 1014 3591 εἰσίδοιμ’.
1029 3513 1163 3592 εἰσίδοιμ’
1176 3537 1256 3601 proe·

153 3617 207 3682 bet
228 3616 357 3681 Aldina.

199 3732 239 3794 V.
254 3747 329 3815 532.
346 3729 473 3809 ἔγρεσθε
486 3726 560 3808 πρὸς
574 3725 728 3813 φυλακάν]
747 3724 881 3789 Difficile
900 3725 986 3792 dictu
1008 3742 1055 3791 est
1078 3744 1185 3791 utrum
1206 3728 1256 3792 hic

155 3854 194 3897 an
209 3831 453 3918 antistrophicus
468 3851 576 3893 versus
590 3830 722 3907 ποίμνια·
747 3831 943 3912 νυκτιβρόμου
956 3828 1165 3917 corruptelam
1178 3832 1255 3897 sub-

155 3935 236 3999 ierit.
281 3934 354 3999 Hoc
379 3935 565 3999 Hermanno
591 3931 752 4018 probabile
774 3931 910 4013 videtur,
931 3936 1061 4013 ποιμνῇα
1078 3933 1257 4021 corrigenti,

156 4038 235 4102 illud
257 4038 334 4116 aliis,
350 4038 406 4125 qui
429 4055 532 4102 tamen
554 4034 709 4100 falluntur
730 4059 830 4122 quum
850 4035 923 4117 πρὸς
936 4039 1077 4118 φυλακὰν
1090 4048 1255 4115 attentant,

157 4165 229 4229 quae
244 4141 340 4205 verbs
355 4140 514 4205 sanissima
529 4152 614 4203 sunt.

202 4245 324 4327 V.676.
342 4243 447 4329 Vulgo
461 4248 541 4306 θεῖνε
559 4246 650 4305 θεῖνε.
674 4241 726 4304 Ex
749 4238 874 4326 optimis
895 4238 1064 4319 codicibus,
1088 4241 1119 4304 in
1141 4241 1258 4327 quibus
