2844 4882
216 312 282 383 966
665 314 893 376 ΕΥΡΙΠΙΔΟΥ

260 590 395 648 Stobaeus
409 588 534 665 append.
550 588 627 646 Flor.
643 606 671 663 p.
684 606 730 645 11.
762 501 778 564 7

607 685 648 747 Οἱ
661 687 768 765 πεῖραν
782 682 817 746 οὐ
832 684 990 750 δεδωκότες

306 790 426 867 μᾶλλον
440 788 594 850 δοκοῦντες
607 780 626 863 ἢ
640 785 806 865 πεφυκότες
820 787 922 866 σοφοί.

761 911 779 974 8

260 1001 417 1058 Erotianus
430 1020 459 1076 p.
475 1018 540 1075 132.
561 1001 698 1070 Διηπὲτης,
712 1000 769 1054 ἀντί
782 1005 830 1055 τοῦ
844 1000 949 1073 διαυγὴς
956 1001 997 1054 καί
1007 1001 1126 1072 καθαρός.
1148 999 1183 1057 ὣς
1194 1001 1238 1054 καί
1248 1000 1332 1072 Εὐρι-

220 1100 296 1170 πίδης
315 1101 343 1154 ἐν
355 1100 451 1155 Φοίνικι
468 1101 554 1172 λέγων
574 1106 594 1129 “
611 1099 704 1168 Δμωσὶ
724 1097 747 1151 δ’
769 1098 871 1167 ἐμοῖσιν
891 1093 974 1163 είπον,
996 1099 1030 1154 ὣς
1049 1095 1199 1169 τοιπηρίοις
1220 1099 1334 1170 πυρίδες

221 1200 263 1254 καί
276 1198 381 1268 διηπέτη
395 1195 513 1253 mim?
542 1195 616 1265 Quae
630 1195 671 1252 sic
685 1193 854 1251 emendavit
866 1193 969 1252 Valck.
983 1195 1076 1252 Βίοις.
1091 1212 1119 1269 p.
1132 1209 1202 1267 274.

308 1289 472 1370 Δμωσὶν-δ’
489 1293 605 1369 ἐμοῖσιν
620 1289 770 1366 εἶπον,·ὡς
785 1289 925 1371 καυτήρια
1174 1276 1177 1284 ¹

307 1395 338 1461 ἐς
350 1397 407 1474 πῦρ
423 1394 482 1458 ἔδει
496 1394 544 1457 καὶ
559 1389 679 1477 [ταῦτα]
696 1392 731 1471 δὴ
747 1396 859 1470 διιπετῆ
879 1456 882 1463 ,

308 1500 413 1558 θεῖναι.

264 1683 398 1742 stobaeus
417 1703 480 1742 120.
495 1705 525 1761 p.
535 1685 604 1742 608.
763 1618 782 1681 9

309 1781 415 1844 Καίτοι
429 1778 493 1843 ποτ’
511 1784 539 1844 εί
552 1778 606 1844 τιν’
624 1778 758 1859 εἰσίδοιμ’
776 1781 835 1843 θυδ
849 1779 957 1842 πτόλιν

311 1882 428 1965 τυφλὸν
442 1886 642 1966 προηγηιῆρος
657 1880 861 1964 ἐξηρτημένον,

310 1986 490 2066 εὐδαιμονῶν
503 1992 566 2053 ταῖς
580 1991 747 2067 συμφοραῖς
762 1985 943 2065 ἐλοιδόρουν,

310 2090 348 2156 ὡς
363 2089 461 2155 δειλὸς
477 2093 521 2169 είη
536 2089 666 2153 θάνατον
681 2088 814 2151 ἐκποδὼν
829 2086 919 2169 ἔχων.

309 2190 357 2253 καί
372 2194 425 2253 νῦν
439 2188 559 2271 λόγοισι
573 2195 634 2257 τοῖς
646 2191 727 2269 ἐμοῖς
742 2189 883 2255 ἐναντίως

309 2290 439 2374 πέπτωχ’
452 2295 469 2355 ὁ
484 2291 612 2371 τλήμων.
637 2289 660 2355 ὦ
674 2289 816 2370 φιλόζωοι
829 2290 944 2372 βροτοί,

310 2394 339 2458 οῖ
353 2394 407 2473 τὴν
422 2395 653 2477 ἐπιστείχουσαν
666 2393 779 2473 ἡμέραν
793 2395 867 2456 ἰδεῖν

310 2498 423 2561 ποθεῖτ’
439 2497 561 2579 ἔχοντες
574 2496 684 2578 μυρίων
698 2497 791 2578 ἄχθος
806 2500 911 2559 κακῶν.

311 2600 402 2665 οὕτως
418 2600 490 2679 ἐρως
503 2604 659 2681 βροτοῖσιν
676 2599 805 2679 ἔγκειται
819 2600 900 2676 βίου.

310 2699 344 2763 τὸ
359 2705 412 2780 ζῆν
426 2704 484 2783 γὰρ
499 2703 596 2780 ἴσμεν·
620 2705 673 2763 τοῦ
688 2705 790 2764 θανεῖν
805 2699 828 2762 δ’
845 2701 962 2783 ἀπειρίᾳ

310 2807 367 2869 πᾶς
380 2829 424 2869 τις
439 2809 579 2884 φοβεῖται
594 2809 657 2884 φῶς
671 2807 771 2865 λιπεῖν
786 2799 844 2864 τόδ’
860 2802 955 2880 ἡλίου.

756 2949 794 2991 10

269 3017 403 3077 Stobaeus
418 3037 465 3094 39.
480 3038 510 3094 p.
524 3017 591 3075 226.

312 3115 355 3178 Σδ
369 3113 405 3187 δ’,
422 3111 445 3175 ὦ
459 3110 580 3199 πατρῴα
594 3113 677 3194 χθὼν
693 3114 771 3192 ἐμῶν
783 3109 981 3194 γεννητόρων,

312 3215 401 3300 χαῖρ’·
426 3217 510 3298 ἀνδρί
525 3215 582 3298 γάρ
597 3240 653 3288 τοι,
671 3212 725 3278 κᾶν
739 3214 916 3295 ὑπερβάλλῃ
933 3220 1039 3287 κακοῖς,

312 3321 365 3382 οὐκ
380 3319 445 3382 ἐστι
459 3322 511 3381 τοῦ
527 3316 695 3399 θρέφαυτος
708 3318 791 3395 ἥδιον
806 3317 907 3381 πέδον.

268 3535 401 3593 Stobaeus
418 3550 465 3609 71.
480 3552 508 3609 p.
521 3550 591 3606 434.
761 3463 795 3506 11

313 3629 391 3709 Γυνή
406 3656 438 3693 τε
453 3628 572 3692 πάντων
587 3628 769 3709 ἀγριώτατον
785 3627 882 3692 κακόν.

762 3774 799 3820 12

269 3846 402 3905 Stobaeus
418 3844 466 3902 88.
483 3865 511 3922 p.
527 3859 595 3919 500.

177 3945 180 3949 ’
314 3941 472 4023 Μέγιστον
486 3937 531 4019 ἄρ’
547 3940 584 4017 ἦν
598 3939 617 4018 ἡ
632 3941 732 4020 φύσις·
757 3938 790 4000 τὸ
805 3943 863 4021 γὰρ
879 3940 969 4004 κακὸν

314 4045 409 4109 οὐδεὶς
422 4042 540 4123 τρέφων
556 4043 588 4105 εὖ
603 4040 737 4123 χρηστὸν
752 4039 790 4103 δν
807 4044 870 4121 θείη
885 4042 967 4106 ποτέ.

761 4188 797 4251 ¹3

271 4274 443 4350 Hesychius,
457 4272 647 4343 Ἀμνήστευτος
661 4274 742 4345 γονης
767 4275 781 4342 ίη
796 4276 924 4344 παλλακὴ.
947 4279 1086 4348 Εὐριπίδης
1099 4279 1206 4333 Φοίνικι.
