2850 4898
214 295 280 361 878
655 297 883 358 ΕΥΡΙΠΙΔΟΥ

300 463 428 538 φύλλοις
443 459 620 542 στέφεσθαι,
635 460 746 545 χῶστις
761 464 875 545 ἡγεῖται
889 466 979 528 πόλει

301 573 459 646 κάλλιστα,
476 574 606 654 σώφρων
622 575 669 637 καὶ
684 576 794 641 δίκαιος
807 572 849 638 ῶν
864 576 948 656 ἀνὴρ,

299 677 382 742 ὅστις
395 701 431 758 γε
445 677 548 754 μύθοις
563 675 624 758 ἔργ’
640 677 835 741 θπολλύσσει
850 681 934 751 κακῶ,

299 776 398 861 μόχας
412 775 436 840 τ’
452 778 589 859 ἀφαιρῶν
604 779 652 842 καὶ
666 777 798 845 στόσεις·
822 782 943 843 τοιαῦτα
957 783 1015 861 γὰρ

300 881 389 944 πόλει
403 905 436 943 τε
450 879 532 958 πόσῃ
547 882 626 945 πᾶσί
637 879 663 946 θ
674 879 827 960 Ἕλλησιν
843 881 930 945 καλό.

214 1002 250 1059 V.
271 1021 296 1060 1.
315 1021 341 1060 2.
357 1002 527 1059 Eustathius
540 1021 664 1079 p.1299,
682 1021 729 1061 νο.
754 1002 792 1059 V.
805 1018 834 1077 7.
855 1003 1253 1075 Αιλοαααςκαλξυνπρεεμεῖν.
1284 1001 1323 1059 V.

218 1117 264 1158 12.
286 1102 413 1173 τρίβωνας
433 1101 595 1159 ἐκλείποντες
615 1101 762 1179 Diogenes
783 1102 881 1160 Luert.
900 1101 924 1170 1,
939 1099 988 1175 56.
1011 1099 1048 1156 V.
1067 1115 1114 1156 αι.
1146 1098 1324 1156 Plutarchus

214 1197 322 1254 Moral.
338 1217 367 1273 p.
378 1196 433 1272 581
452 1197 473 1254 s.
490 1198 588 1273 8031».

755 1330 774 1374 2

255 1396 355 1453 Pollux
367 1397 405 1462 X,
419 1414 485 1454 111.
506 1399 646 1472 Εὐριπίδης
657 1402 705 1471 μίν
718 1400 816 1473 εἴρηκεν
830 1402 858 1456 ἐν
871 1396 1012 1472 Αὐτολύκῳ
1025 1397 1155 1470 σατυρικῷ
1168 1395 1231 1453 τούς
1244 1395 1324 1454 ὅνους

214 1494 277 1550 τούς
289 1495 473 1567 λαρκαγοιγούς
486 1492 569 1550 σ’ίσειν
582 1497 612 1567 ἐξ
626 1495 702 1569 ὅρους
716 1496 791 1568 ξύλα.

257 1708 357 1766 Pollux
372 1710 411 1776 X,
428 1710 492 1784 178.
515 1714 563 1766 Kal
584 1712 726 1784 Εὐριπίδου
743 1713 770 1768 ἐν
784 1710 923 1787 Αὐτολύκῳ
944 1711 1062 1766 εἰπόντος
1079 1717 1099 1739 “
1115 1711 1248 1781 Σχοινίνας
1268 1716 1323 1785 γὰρ

215 1805 320 1863 ίπποισι
333 1804 444 1879 φλοίνας
459 1807 529 1877 ἡνίας
542 1807 659 1865 πλέκει.”

622 2070 913 2131 ΒΕΛΛΕΡΟΦΩΝ.

216 2189 261 2247 Βα
276 2200 448 2266 argumento
462 2186 567 2245 fabulae
582 2188 673 2245 schol.
688 2188 975 2264 Ariswph.Acharn.
987 2203 1058 2263 425.
1084 2187 1151 2245 Pac.
1173 2201 1237 2262 135.
1254 2188 1321 2261 146.

685 2303 760 2359 Rau.
773 2303 841 2377 870.

760 2466 773 2509 1

259 2534 431 2592 Plutarchus
444 2535 550 2592 Moral.
565 2554 594 2610 p.
607 2549 666 2609 529
681 2553 707 2592 e.
730 2523 798 2591 Οὐδὲ
807 2538 909 2593 δεῖτοῖς
918 2537 1029 2594 ἐπαίνοις
1042 2535 1199 2606 κηλούμενον
1210 2535 1323 2605 ἥδεσθαι

217 2632 316 2703 -μηδ
332 2632 421 2706 ὥσπερ
435 2636 450 2686 θ
463 2633 604 2706 Εὐριπίδου
615 2631 741 2706 Πήγασος

300 2725 450 2806 ''Em-qud
464 2728 592 2791 ὑπείκων
604 2730 724 2806 μᾶλλον
739 2724 757 2806 ἢ
773 2725 857 2790 θέλοι

218 2854 255 2923 τῷ
265 2852 473 2922 Βελλεροφόντῃ,
487 2852 541 2906 τοῖς
555 2850 686 2920 δεομένοις
695 2851 786 2904 ἑαυτὸν
800 2849 926 2904 ἐκδιδόναι
940 2851 981 2904 καί
995 2850 1218 2904 συνεκταπεινοῦν.
1235 2845 1321 2903 Idem

219 2966 248 3024 p.
260 2947 316 3020 807
333 2965 360 3004 e.
391 2945 549 3020 ’λγησίλαος
566 2948 626 3020 περί
644 2949 691 3004 τὰς
704 2952 756 3002 τῶν
769 2947 857 3019 φίλων
870 2947 987 3003 σπουδὰς
1000 2947 1077 3002 αὐτὸς
1091 2947 1171 3001 αὐτοῦ
1184 2946 1323 3018 γενόμενος

218 3044 409 3101 ἀσθενέστατος
423 3047 464 3099 καί
477 3048 669 3110 ταπεινότατος,
685 3044 774 3118 ὥσπερ
789 3048 803 3098 ό
817 3045 959 3118 Εὐριπίδου
973 3042 1098 3117 Πήγασος

300 3137 422 3220 'Eume'
445 3141 573 3204 ὐπείκων
586 3145 705 3220 μᾶλλον
719 3139 737 3220 ἢ
751 3145 870 3221 μᾶλλον
885 3139 979 3204 θέλοι.

219 3263 260 3317 καί
273 3264 328 3318 ταῖς
344 3261 461 3332 ἀτυχίαις
478 3262 671 3335 προθυμότερον
689 3263 793 3332 βοηθῶν
809 3266 856 3317 τού
873 3263 976 3319 δέοντος
990 3263 1072 3318 ε’δόκει
1085 3259 1321 3330 συνεξομοιοῦσθαι

219 3361 275 3416 ταῖς
287 3358 401 3415 ἀδικίαις.

260 3571 358 3631 Schol.
375 3572 475 3647 Eurip.
487 3571 583 3628 Orest.
596 3571 692 3646 (872.)
710 3504 854 3648 85924361.
884 3577 974 3643 Χῶμα,
989 3567 1022 3627 οὐ
1036 3570 1173 3642 συμβαίνει
1186 3570 1247 3626 τοὺς
1259 3567 1321 3641 Ἀρ.

218 3672 304 3744 γείους
331 3672 449 3738 δικάζειν.
481 3670 548 3740 τάχα
572 3669 595 3724 δ’
620 3667 651 3724 ἂν
674 3669 768 3725 τούτου
789 3673 830 3726 καὶ
850 3671 878 3726 ἐν
891 3671 1091 3744 Βελλεροφόντῃ
1112 3663 1264 3739 μνημονεύοι
1285 3666 1320 3720 εί-

218 3769 274 3821 πῶν

306 3861 354 3924 καί
368 3859 476 3939 ξεστὸν
490 3861 584 3942 ὄχθον
601 3864 759 3925 Δαναϊδῶν
774 3860 975 3942 ἑδρασμότιον.

219 3969 367 4041 ἑδράσμοτα
382 3967 579 4024 Ηοτιαοαοιις.

261 4181 395 4239 Stobaeus
412 4199 456 4238 10.
472 4200 501 4256 p.
520 4199 584 4255 ¹27·
756 4113 775 4178 3

304 4274 361 4342 Ὡς
376 4275 504 4357 ἔμφυτος
518 4277 574 4354 μὲν
587 4279 680 4339 πᾶσιν
696 4276 860 4356 ἀνθρώποις
875 4275 956 4356 κάκιγ
