2844 4882
210 259 275 322 884
655 257 884 320 ΕΥΡΙΠΙΔΟΥ

251 515 427 592 Hesychius,
442 515 582 590 ‘Aym'aatz
612 444 920 588 dnobfiwat‚2BowlptBt.
941 512 992 571 ubi
1014 515 1155 589 Εὐριπίδης
1169 515 1321 576 excidisse

212 625 343 674 censent.

253 829 426 907 Hesychius,
440 828 638 903 ’λτρεκὴσιισαι
660 759 867 904 άκριβυΒσομένη.
889 831 1029 904 Εὐριπίδης
1042 830 1185 904 Βουσίριδι.

682 1147 842 1206 ΔΑΝΑΗ.

253 1262 355 1321 Pollux
370 1261 422 1330 IV,
437 1279 503 1319 111.
533 1266 591 1317 Τῶν
604 1263 632 1318 δέ
645 1266 757 1335 χορικῶν
769 1261 893 1334 ᾀσμάτων
905 1265 958 1315 τῶν
969 1264 1085 1331 κωμικῶν
1097 1258 1125 1316 έν
1137 1281 1164 1313 τι
1178 1261 1221 1314 καὶ
1234 1259 1252 1328 ἢ
1265 1281 1321 1314 πα·

210 1364 333 1435 ράβασις,
348 1360 410 1416 ὅταν
423 1357 440 1415 ά
453 1363 468 1414 ὁ
481 1361 589 1430 ποιητὴς
601 1362 667 1434 πρδς
677 1362 708 1416 τὸ
722 1361 830 1434 θέατρον
842 1359 969 1426 βούλεται
981 1360 1077 1431 λέγειν,
1092 1361 1107 1412 ὁ
1120 1359 1201 1430 χορδς
1213 1362 1320 1431 παρελ-

211 1462 264 1516 θῶν
283 1461 348 1533 λε’γη
369 1462 458 1514 τοῦτο.
480 1458 594 1515 ε’πιεικῶς
610 1458 640 1514 δέ
660 1459 723 1514 αὐτὸ
736 1462 859 1514 ποιοῦσιν
871 1459 896 1512 οί
909 1456 1128 1533 κωμῳδοποιηταί.
1148 1457 1276 1528 τραγικὸν
1289 1459 1321 1512 δὲ

212 1559 259 1612 οὒκ
272 1560 354 1622 ἔστιν,
369 1554 429 1611 ἀλλ’
443 1556 583 1629 Εὐριπίδης
596 1556 660 1610 αδτδ
672 1555 811 1626 πεποίηκεν
831 1557 858 1611 ἐν
875 1559 987 1613 πολλοῖς
1006 1556 1143 1628 δράμασιν.
1174 1555 1202 1609 έν
1222 1556 1274 1625 μέν
1287 1579 1321 1628 γε

210 1657 296 1724 Δανάη
309 1652 440 1727 (codices
452 1650 571 1724 Δαναίδι)
584 1655 631 1709 τὸν
643 1655 723 1726 χορὸν
733 1654 780 1711 τὰς
792 1657 911 1727 γυναῖκας
922 1654 987 1727 ὑπὲρ
997 1655 1076 1709 αὐτοῦ
1085 1675 1111 1707 τι
1124 1651 1239 1722 ποιήσας
1248 1675 1320 1726 παρ·

210 1755 298 1820 ειπεῑν,
324 1752 494 1821 ἐκλαθόμενος
511 1751 546 1807 ῶς
565 1750 659 1824 ἄνδρας
675 1753 762 1823 λέγειν
780 1751 886 1821 ε’ποίησε
906 1755 944 1825 τῷ
963 1750 1079 1823 σχήματι
1098 1753 1144 1820 τῆς
1157 1753 1258 1824 λέξεως
1271 1755 1322 1810 τὰς

208 1871 337 1923 γυναικας.

251 2062 385 2122 Stobaeus
401 2062 448 2136 76.
461 2082 489 2139 p.
501 2077 570 2138 453.
755 1996 768 2037 Ι

295 2155 374 2240 Τάχ’
389 2155 428 2221 ἃν
442 2156 516 2239 πρὸς
530 2156 692 2238 ἀγκάλαισι
708 2158 755 2221 καὶ
770 2156 905 2239 στέρνοις
920 2160 1000 2237 ἐμοῖς

297 2264 397 2338 πηδῶν
412 2260 514 2342 δθθροι
530 2260 578 2323 καὶ
592 2258 768 2342 φιλημάτων
782 2263 866 2346 ὄχλῳ

295 2363 400 2445 ψυχὴν
415 2362 489 2441 ἐμὴν
504 2360 653 2442 κτήσαιτο·
684 2367 776 2427 ταῦτα
790 2367 848 2446 γὰρ
862 2368 983 2445 βροτοῖς

296 2469 424 2549 φίλτρον
435 2465 590 2547 μέγιστον,
606 2467 638 2528 αί
652 2467 813 2544 ξυνουσίαι,
830 2464 933 2545 πάτερ.

752 2620 771 2664 2

250 2688 383 2748 Stobaeus
395 2689 446 2766 69.
462 2710 491 2766 p.
500 2707 568 2764 429.

298 2786 355 2850 Καὶ
371 2791 424 2850 νῦν
438 2790 572 2867 παραινῶ
586 2791 660 2849 πᾶσι
675 2791 736 2852 τοῖς
748 2785 901 2868 νεωτέροις

293 2891 333 2970 μὴ
347 2890 422 2973 πρὸς
435 2889 469 2953 τὸ
484 2892 576 2971 γῆρας
589 2889 657 2956 τοὺς
671 2888 783 2971 γάμους
796 2891 991 2971 ποιουμένους

294 2997 395 3078 σχολῇ
411 2997 587 3057 τεκνοῦσθαι
601 2992 797 3058 παῖδας-οὐ
812 2996 870 3073 γὰρ
883 2995 983 3072 ἡδονὴ,

294 3098 414 3180 γυναικί
426 3097 451 3159 τ’
468 3094 577 3178 ἐχθρὸν
591 3096 691 3177 χρῆμα
704 3095 874 3174 πρεσβύτης
885 3096 1003 3176 ἀνὴρ-

295 3193 364 3259 δλλ’
381 3195 419 3261 ὡς
433 3192 571 3277 τάχιστα·
597 3193 715 3275 καὶγὰρ
731 3195 873 3274 ἑκτροφαὶ
889 3197 977 3258 καλαὶ

297 3298 344 3360 καὶ
360 3295 528 3370 σνννεάζων
543 3296 597 3375 ἡδὺ
610 3301 679 3363 παῖς
694 3295 751 3380 νέῳ
765 3298 865 3379 πατρί.

250 3519 385 3578 Stobaeus
403 3536 451 3596 73.
466 3540 495 3595 p.
507 3519 577 3594 448.
751 3452 770 3517 3

294 3616 395 3689 Γύναι,
412 3617 506 3697 φίλον
519 3618 576 3695 μὲν
591 3614 706 3698 φέγγος
719 3616 806 3693 ἡλίου
820 3616 897 3690 τόδε,

296 3717 390 3781 καλὸν
405 3720 438 3781 δὲ
452 3718 563 3782 πόντου
578 3716 662 3801 χεῦμ’
679 3720 752 3781 ἰδεῖν
768 3716 922 3796 εὐήνεμον,

294 3823 332 3902 γῆ
347 3818 371 3884 τ’
387 3820 492 3902 ἠρινδν
507 3820 665 3884 θάλλουσα
679 3817 828 3883 πλούσιόν
843 3817 869 3884 θ
884 3823 970 3902 ὕδωρ,

293 3928 418 3987 πολλῶν
433 3923 457 3986 τ’
475 3923 600 3988 ἔπαινον
614 3924 683 3988 ε’στί
694 3949 745 4002 μοι
759 3922 845 4002 λέξαι
861 3929 969 3986 καλῶν·

294 4025 362 4090 ἀλλ’
379 4026 467 4090 οὐδὲν
482 4029 556 4091 οὕτω
572 4026 708 4108 λαμπρὸν
725 4024 784 4090 οὐδ’
802 4029 874 4090 ἰδεῖν
890 4025 992 4098 καλὸν,

294 4127 332 4191 ὡς
347 4131 408 4191 τοῖς
422 4124 528 4189 ἅπαισι
545 4130 592 4191 καὶ
605 4129 687 4211 πόθῳ
704 4126 892 4207 δεδηγμένοις

293 4230 407 4291 παίδων
423 4236 557 4311 νεογνῶν
572 4234 606 4294 ἐν
621 4232 720 4308 δόμοις
735 4232 808 4294 ίδεῖν
824 4228 910 4310 φάος.
