2850 4898
550 291 898 353 ΑΠΟΣΠΑΣΜΑΤΙΑ.
1212 293 1273 356 881

254 453 313 518 Ἴθι
327 454 524 538 χρυσοχόλιν’
541 458 632 538 αἴρων
646 455 804 538 πτέρυγας,

172 561 218 615 τὸν
231 562 357 632 κάνθαρον
369 564 407 636 τῷ
421 562 538 636 Πηγάσῳ
556 561 705 628 ἐπεικάζων.

706 676 719 718 1

212 758 300 815 Arist.
316 759 391 834 Equ.
412 759 496 832 1246⁴
724 677 744 740 9

258 851 411 917 Κυλίνδετ’
428 857 498 918 είσω
514 856 600 918 τόνδε
614 854 667 919 τδν
682 858 874 936 δυσδαίμονα.

170 960 221 1017 ubi
235 959 325 1016 schol.
339 964 421 1015 ταῦτα
435 961 463 1016 δὲ
477 962 505 1016 ἐκ
519 963 733 1034 Βελλεροφόντου
747 964 896 1034 Εὐριπίδου.
925 966 957 1019 τδ
970 966 999 1019 δέ
1014 966 1139 1022 κυλίνδετ’
1153 967 1210 1022 ἀντὶ
1223 972 1271 1022 τοῦ

169 1058 291 1128 κομίζετε.

704 1171 745 1217 20

209 1257 342 1315 Stobaeus
355 1276 405 1334 95.
417 1278 447 1335 p.
460 1275 476 1334 5
487 1277 530 1335 ¹9·

253 1351 334 1435 Ἐγῶ
357 1352 391 1417 τὸ
405 1355 462 1434 μὲν
476 1354 512 1432 δὴ
526 1357 682 1437 πανταχοῦ
698 1357 899 1435 θρυλούμενον

255 1454 412 1537 κράτιστον
427 1454 507 1520 εἶναί
518 1464 602 1538 φημι,
619 1456 658 1535 μὴ
673 1460 765 1537 φῦναι
778 1461 889 1543 βροτῷ·

254 1563 384 1638 τρισσῶν
399 1559 431 1620 δὲ
444 1563 554 1639 μοιρῶν
570 1560 694 1640 έγκρινῶ
710 1563 795 1623 νικῶν
809 1561 891 1638 μίαν,

252 1661 383 1724 πλούτου
397 1685 440 1733 τε,
455 1657 542 1746 χῶτῳ
558 1658 677 1741 σπέρμα
692 1667 834 1742 γενναῖον
847 1666 957 1744 προσῇ,

251 1762 354 1828 πενίας
367 1763 405 1824 τ’·
430 1761 554 1843 ἀριθμὸν
567 1765 626 1844 γὰρ
640 1764 765 1827 τοσόνδε
779 1764 956 1846 προύθέμην.

252 1865 269 1925 ὁ
282 1865 339 1941 μὲν
352 1862 524 1939 ζάπλουτος,
542 1867 584 1931 είς
597 1864 685 1947 γένος
699 1863 723 1928 δ’
739 1867 792 1930 οὐκ
807 1867 939 1949 εθτνχὴς,

251 1966 343 2046 ἀλγεῖ
353 1966 410 2045 μὲν
424 1967 522 2047 ἀλγεῖ,
538 1965 699 2047 παγκάλως
713 1965 737 2029 δ’
753 1968 925 2049 ἀλγύνεται,

250 2069 348 2147 ὄλβου
364 2068 483 2150 διοίγων
498 2068 635 2148 θάλαμον
648 2069 770 2147 ἥδιστον
785 2071 862 2151 χερί.

251 2169 306 2248 ἔξω
322 2171 354 2233 δὲ
368 2172 484 2249 βαίνων
498 2175 593 2244 τοῦδε,
610 2170 662 2234 τὸν
676 2170 769 2253 πάρος
782 2173 894 2254 χρόνον

249 2277 395 2345 πλουτῶν,
412 2270 458 2335 ὑπ’
475 2273 545 2351 ἄτης
559 2273 659 2354 ζεῦγμ’
671 2270 709 2336 ἃν
723 2273 876 2356 άσχάλλοι
890 2276 1001 2339 πεσόν.
1225 2295 1264 2339 ῐο

248 2376 330 2442 ὅστις
344 2378 377 2439 δὲ
392 2379 503 2458 γαῦρον
518 2376 637 2457 σπέρμα
650 2377 791 2458 γενναῖόν
805 2377 833 2438 τ’
848 2375 928 2461 έχων

248 2478 318 2556 βίον
333 2479 477 2553 σπανίζει,
493 2481 533 2563 τῷ
547 2477 630 2560 γένει
643 2480 700 2557 μὲν
715 2479 840 2562 εὐτυχεῖ,

247 2581 335 2664 πενίᾳ
349 2581 374 2643 δ’
389 2578 530 2643 έλάσσων
545 2582 638 2654 ἐστὶν,
655 2582 688 2643 έν
702 2579 726 2643 δ’
742 2582 913 2662 ἀλγύνεται,

248 2689 367 2765 φρενῶν
381 2685 408 2746 δ’
423 2681 470 2746 ὑπ’
487 2686 585 2750 αἰδοῦς
600 2681 661 2765 ἔργ’
678 2685 838 2747 ἀπωθεῖται
852 2687 966 2765 χεροῖν.

247 2787 263 2847 δ
279 2787 306 2849 δ’
320 2785 407 2849 οὐδὲν
422 2787 526 2860 οὐδεὶς,
543 2787 591 2849 διδ
605 2784 710 2852 τέλους
724 2786 757 2849 δὲ
772 2790 936 2868 δυστυχῶν,

246 2892 358 2974 τοσῷδε
374 2892 450 2972 νικᾷ·
473 2892 526 2952 τοῦ
536 2891 594 2970 γὰρ
610 2889 642 2951 εὖ
657 2890 822 2967 τητόμενος

245 2990 298 3053 οὐκ
312 2990 402 3065 οἶδεν,
419 2992 466 3054 dez
481 2995 635 3073 δυστυχῶν
652 2994 744 3057 κακῶς
758 2990 785 3051 τ’
801 2988 891 3071 ἔχων.

244 3095 335 3160 οὕτως
349 3094 471 3173 ἄμεινον
485 3093 525 3172 μὴ
539 3096 736 3174 πεπειρᾶσθαι
751 3096 861 3154 καλῶν.

245 3197 341 3259 ἐκεῖνο
355 3198 413 3277 γὰρ
427 3195 600 3276 μεμνήμεθ’·
630 3195 692 3262 οἶος
704 3194 742 3274 ἣν
756 3196 829 3258 ποτὲ

244 3299 334 3381 κάγὼ,
350 3297 412 3377 μετ’
429 3299 544 3380 ἀνδρῶν
557 3298 630 3378 ἡνίκ’
647 3296 791 3383 εὖπίχουν
801 3295 883 3361 ποτέ.
1217 3315 1258 3361 20

157 3397 194 3455 V.
208 3418 232 3457 1.
246 3417 273 3459 2.
296 3399 431 3459 Stobaeus
445 3400 494 3476 96.
505 3420 534 3477 p.
544 3415 612 3475 531.
634 3399 673 3457 V.
685 3400 714 3458 8.
729 3399 825 3472 ὄλβου]
841 3397 956 3454 πλούτου
970 3397 1142 3457 Plutarchus
1150 3399 1256 3458 Moral·

157 3515 185 3572 p.
204 3498 313 3573 1069&
335 3499 371 3557 V.
388 3517 512 3570 ¹1-14·
528 3497 663 3557 Stobaeus
678 3516 726 3574 94.
740 3512 850 3573 12517·

714 3611 727 3655 1

198 3697 307 3757 sustin.
323 3699 445 3775 Martyr.
460 3698 497 3756 de
511 3698 662 3756 monarch.
678 3613 707 3774 μα.
723 3695 778 3753 108
789 3716 814 3754 c.
830 3697 875 3755 ed.
887 3697 989 3756 Colon.

276 3796 359 3866 Φησίν
370 3817 408 3852 τις
422 3792 485 3850 εἶναι
499 3795 554 3865 δῆτ’
565 3795 592 3851 έν
606 3797 706 3870 οὐρανῷ
718 3792 807 3858 θεοθςς

275 3895 322 3948 οὐκ
335 3894 402 3948 είσδν
415 3894 460 3948 σιἰκ
473 3891 534 3948 ε’ίσ’.
556 3891 581 3947 εί
592 3915 632 3950 τις
644 3892 786 3965 άνθρόιπων
798 3891 880 3962 λέγει,

275 3993 311 4062 μη
324 3995 362 4066 τῷ
373 3994 474 4066 παλαιῷ
486 3994 571 4062 μῶρος
580 3987 615 4044 ῶν
627 3990 736 4062 χρήσθω
750 3990 834 4063 λόγῳ.

275 4088 415 4159 σκέψασθε
426 4086 449 4142 δ’
462 4087 537 4152 αὐτὰ,
552 4087 586 4156 μὴ
599 4085 637 4141 ’πί
651 4089 706 4141 τοῖς
719 4087 790 4155 ε’μοῖς
800 4087 890 4157 λόγοις
995 4134 997 4138 ,

275 4283 381 4338 κτείνειν
390 4305 419 4337 τε
429 4282 571 4337 πλείστους
585 4282 720 4351 κτημάτων
732 4279 755 4335 τ’
770 4279 932 4350 ἀποστερεῖν,
