2844 4882
519 283 864 347 ΑΠΟΣΠΑΣΜΑΤΙΑ.

677 470 695 514 2

184 551 319 610 Stobaeus
334 572 399 628 103.
415 574 442 629 p.
454 555 523 628 560.
698 468 713 531 7

232 652 299 711 Ποῦ
313 650 348 729 δὴ
362 648 396 712 τὸ
408 652 505 730 σαφὲς
520 655 654 713 θνατοῖσι
669 654 773 728 βιοτᾶς
788 679 794 722 ;

230 755 330 815 θοαῖσι
343 754 400 830 μὲν
416 752 502 815 ναυσὶ
517 749 610 832 πόρον
625 752 713 814 πνοαὶ
730 756 802 816 κατὰ

230 852 340 932 βένθος
354 852 442 917 άλιον
458 856 600 918 ῖθόνουσι·
623 856 715 937 τύχας
729 856 761 918 δὲ
776 859 889 934 θνητῶν

229 955 263 1018 τὸ
277 957 334 1035 μὲν
347 955 413 1037 μέγ’
431 958 472 1022 εῖς
486 957 573 1019 οὐδὲν
588 957 604 1018 ὁ
620 957 713 1022 πολὺς
727 955 835 1040 χρόνος

229 1060 396 1137 μεθίστησι,
413 1058 447 1121 τὸ
462 1060 494 1122 δὲ
508 1064 594 1137 μεῖον
609 1060 715 1137 αὔξων.

184 1262 320 1323 Stobaeus
332 1284 380 1340 52.
396 1285 424 1342 p.
437 1266 506 1340 360.
522 1265 586 1323 106.
607 1285 636 1341 p.
651 1178 719 1341 5θὲ.
753 1266 900 1325 Plutarch.
916 1267 1022 1324 Moral.
1032 1286 1060 1343 p.
1073 1267 1131 1341 467
1147 1287 1174 1325 α.
1205 1267 1241 1325 de

143 1360 204 1419 vita
218 1362 306 1421 Hom.
322 1382 351 1439 p.
366 1381 451 1439 1194.
467 1363 513 1421 ed.
529 1363 682 1440 Wyttenb.
694 1363 810 1421 Arrian.
821 1363 932 1422 dissert.
949 1365 1076 1440 Epictet.
1087 1364 1126 1434 11,
1139 1381 1167 1441 5.

228 1462 300 1524 Τοῖς
313 1457 486 1540 πράγμασιν
499 1462 557 1540 γὰρ
572 1459 640 1542 οὐχὶ
655 1463 818 1538 θυμοῦσθαι
832 1462 939 1542 χρεόν·

227 1559 313 1638 με’λει
328 1562 386 1642 γὰρ
401 1561 499 1626 αὐτοῖς
512 1560 608 1624 οὐδέν
633 1558 701 1624 ἀλλ’
718 1561 938 1645 οὑντυγχάνων,

229 1665 266 1726 τὰ
279 1660 425 1744 πράγματ’
442 1665 534 1744 ὀρθῶς
547 1661 584 1742 ἢν
599 1667 673 1743 τιθῇ,
689 1663 820 1745 πράσσει
836 1672 941 1732 καλῶς.

182 1877 290 1935 AElian.
306 1877 344 1934 N.
356 1879 393 1936 A.
406 1877 443 1942 V,
456 1895 506 1952 34.
531 1882 654 1934 Τοιοῦτόν
667 1808 773 1934 zeum}
784 1883 830 1935 τόν
844 1884 1058 1954 Βελλεροφόντην
1071 1883 1186 1954 ἡρωικῶς
1200 1884 1240 1936 καὶ

142 1975 336 2049 μεγαλοψύχως
349 1977 386 2032 εῖτ
399 1977 509 2031 θάνατον
516 1979 760 2048 παρεσκευασμένον
771 1979 867 2047 θμνεῖό
878 1980 1026 2051 Εὐριπίδης·
1047 1978 1168 2048 πεποίηκε
1179 1983 1242 2051 γοῦν

142 2077 207 2145 πρὸς
218 2075 264 2143 τὴν
278 2077 370 2129 ἑαυτοῦ
384 2075 595 2147 ψυχὴνλέγυντα
609 2077 687 2130 αὐτόν

223 2164 316 2230 Ἠσθ
333 2169 374 2234 εἰς
388 2167 472 2233 θεοὺς
485 2169 542 2247 μὲν
557 2169 694 2248 εὐσεβὴς,
711 2167 752 2231 ὅτ’
769 2167 848 2247 ἦσθ’,
864 2171 912 2234 ῶεὶ

228 2268 323 2348 ξένοις
337 2267 361 2331 τ’
378 2268 521 2351 ἐπήρκεις,
537 2269 596 2334 οὐδ’
613 2271 737 2349 ἔκαμνες
752 2274 793 2338 εἰς
807 2273 923 2353 φίλους.

182 2476 329 2552 Aristoph.
346 2477 413 2534 Pac.
425 2492 492 2551 721.
647 2434 654 2457 ἡ
672 2410 715 2474 30

227 2568 296 2651 Ὑφ’
312 2568 416 2651 ἅρματ’
433 2572 530 2635 ἐλθὼν
546 2571 642 2650 Ζηνὸς
656 2574 890 2655 ἀστραπηφορεῖ.

141 2676 191 2732 ubi
206 2676 297 2734 schol.
313 2680 328 2731 ό
343 2679 435 2749 στίχος
448 2679 475 2732 ἐκ
489 2682 704 2751 Βελλεροφόντου
716 2681 867 2752 Εὐριπίδου.

183 2918 202 2940 “
220 2909 286 2968 Huc
300 2910 468 2969 referendus
479 2930 542 2970 esse
555 2913 672 2970 videtur
684 2914 766 2971 locus
781 2913 856 2988 apud
871 2912 961 2970 schol.
972 2910 1159 2985 Aristophan.
1173 2909 1239 2965 Pac.

141 3007 190 3082 96.
222 3011 271 3063 Καὶ
284 3010 423 3082 Εὐριπίδης
436 3011 560 3082 ἔρχεσθαι
578 3009 712 3078 όλολόζετ’
732 3004 753 3064 τό
766 3013 882 3082 γυναῖκες
896 3011 930 3069 ὣς
943 3010 1038 3080 ἕλε’χθη
1052 3009 1097 3063 θεά
1112 3007 1126 3077 ἡ
1140 3008 1241 3078 χρυσόν

140 3108 239 3177 ἔχουσα
251 3111 365 3181 γοργόνα
378 3109 511 3180 ἐπίκουρος
527 3111 612 3163 πόλει.
643 3127 707 3183 quae
731 3107 878 3166 Seidlerus
899 3105 940 3163 sic
962 3102 1139 3167 emendavit,
1161 3101 1240 3157 Ὀλο-

139 3202 226 3272 λόζειν
239 3204 296 3259 α’ντῖ
308 3208 356 3259 τοῦ
369 3207 502 3277 εὔχεσθαι,
524 3207 564 3260 καὶ
578 3206 718 3278 Εὐριπίδης

225 3297 408 3375 Ὀλολόζεθ,
424 3297 447 3362 ὤ
462 3304 606 3382 γυναῖκες,
623 3300 661 3365 ῶς
676 3299 749 3377 ἔλθη
765 3301 819 3361 θεὰ

225 3406 341 3485 χρυσῆν
356 3401 469 3485 ἔχουσα
482 3401 605 3484 Γοργόν’
623 3404 774 3481 ἐπίκουρος
787 3401 885 3464 πόλει.

139 3506 217 3563 Nam
233 3527 296 3584 quae
308 3507 395 3583 paulo
410 3519 478 3564 ante
494 3525 528 3563 ex
543 3506 682 3580 Euripide
697 3516 926 3562 commemorata
940 3516 1017 3571 sunt,
1031 3522 1066 3559 οο
1081 3521 1096 3560 ο
1112 3502 1239 3559 Bellero-

139 3604 250 3680 phonte
263 3617 381 3681 sumpta
395 3623 457 3661 esse
471 3603 657 3661 annotatur.'’
670 3602 834 3659 Mmm.

587 3862 784 3920 ΒΟΎΣΙΡΙΣ.

181 4066 314 4123 Stobaeus
326 4066 374 4120 60.
389 4084 418 4141 p.
434 4064 503 4140 384.
683 3997 695 4037 l

227 4162 335 4245 Δοόλιρ
350 4162 408 4241 γὰρ
423 4161 480 4243 οὐχ
493 4161 558 4223 οῖόν
573 4185 605 4222 τε
621 4161 733 4238 τάληθῆ
747 4157 860 4240 λέγειν,

226 4265 252 4325 εῖ
267 4265 441 4326 δεσπόταισι
455 4263 495 4341 μὴ
510 4261 661 4342 πρέποντα
676 4260 830 4344 τυγχάνοι.

265 4385 331 4424 τοι..
342 4386 376 4424 ιι.
704 4385 721 4422 α
736 4385 753 4423 e
