2850 4898
523 297 869 362 ΑΠΟΣΠΑΣΜΑΤΙΑ.
1186 304 1251 366 855

688 465 708 525 6

187 565 362 622 Ammonius
376 585 405 641 p.
422 583 486 640 137.
508 570 624 640 Τρόχους
633 571 781 640 βαρυτόνυς
790 571 902 643 λέγουσι
915 572 975 630 τους
989 573 1109 645 δρόμους.
1124 577 1249 650 θναγινόι·

148 684 246 733 σκομεν
257 666 308 734 γὰρ
322 663 349 717 ε’ν
362 662 462 732 Ἀλόπῃ
477 664 618 736 Εὐριπίδου

232 755 314 838 Ὀρῶ
328 758 385 836 μὲν
399 758 515 838 ἀνδρῶν
529 759 615 822 τόνδε
631 758 766 839 γυμνόδα
781 763 895 826 στόλον

235 860 398 942 στείχοντα
414 859 529 941 θεωρὸν
544 862 578 923 ἐκ
592 861 710 943 τρόχων
724 864 929 943 πεπαυμένον.

151 961 201 1036 [V.
219 979 246 1022 υ.
271 963 401 1035 στείχονθ
413 967 477 1040 ίῲον
491 965 528 1022 G.
538 964 730 1038 Dindorfius]

189 1160 323 1219 Stobaeus
339 1178 386 1236 7²·
402 1183 429 1239 p.
444 1181 516 1239 439.
687 1096 705 1156 7

233 1259 275 1321 Τί
286 1261 358 1337 δίρα
371 1263 498 1342 μοχθεῖν
512 1264 560 1324 δεῖ
571 1265 741 1339 γυναικεῖον
753 1261 851 1341 γόμον

234 1364 453 1442 φρουροῦντας;
486 1363 517 1424 αἱ
531 1363 589 1442 γὰρ
601 1362 634 1425 εὖ
648 1363 847 1444 τεθραμμέναι
861 1364 957 1429 πλέον

234 1463 429 1545 σφάλλουσιν
443 1467 539 1530 οἴκους
554 1468 612 1528 τῶν
628 1466 892 1546 παρημελημένον.

688 1584 706 1645 8

188 1670 319 1738 Ρίιοῑίιιε,
333 1671 459 1740 Ὀδῆσαις
482 1674 514 1726 τὸ
528 1672 688 1741 ὦνίγσασθαι.
710 1675 850 1746 Εὐριπίδης
862 1675 962 1744 Ἀλόπῃ
977 1677 1018 1731 καὶ
1032 1675 1165 1733 Κύκλωπι.

560 1889 832 1948 ΑΝΔΡΟΜΕΔΑ.

187 2005 334 2064 Emtosth.
350 2005 494 2063 cataster.
515 2023 559 2078 17.
589 2004 658 2075 Αὕτη
673 2009 750 2060 κεῖται
765 2006 793 2060 έν
806 2009 861 2062 τοῖς
874 2005 992 2077 ἄστροις,
1007 2004 1049 2058 διὰ
1068 2004 1115 2073 τὴν
1127 2003 1247 2075 Ἀθηνᾶν,

146 2108 198 2159 τῶν
211 2105 333 2175 Περσέως
349 2102 435 2158 ι’ίθλων
454 2104 598 2173 ὑπόμνημα,
613 2104 778 2173 διατεταμένη
794 2104 841 2159 τὰς
857 2105 955 2174 χεῖρας,
970 2101 1004 2158 ὣς
1018 2102 1059 2155 καλ
1071 2103 1198 2172 προετέθη
1212 2101 1249 2178 τῷ

146 2201 225 2271 κήτει·
247 2198 302 2255 ἀνθ
317 2194 352 2254 ὦν
363 2200 480 2254 σωθεῖσα
493 2199 544 2252 ὑπὸ
554 2202 602 2252 τοῦ
614 2200 737 2270 Περσέως
750 2200 800 2269 οὐχ
814 2196 898 2252 είλετο
908 2202 945 2272 τῷ
952 2198 1031 2269 πατρί
1040 2199 1179 2268 συμμένειν
1188 2200 1249 2254 οὐδὲ

145 2303 178 2367 τῇ
190 2300 277 2371 μητρὶ,
290 2295 351 2352 ἀλλ’
364 2298 514 2369 αὐθαίρετος
527 2296 564 2352 εἷς
578 2294 715 2368 τὸἈργος
728 2295 828 2364 ἀπῆλθε
842 2293 897 2364 μετ’
912 2295 1010 2349 ἐκείνου
1024 2295 1126 2367 εὐγενές
1139 2317 1164 2349 τι
1179 2298 1247 2368 φρο-

146 2394 257 2463 νῆσασα.
278 2396 350 2466 λέγει
366 2395 394 2447 δὲ
416 2394 455 2447 καὶ
469 2392 609 2465 Εὐριπίδης
628 2395 721 2463 σαφῶς
737 2392 764 2446 έν
783 2395 820 2466 τῷ
832 2394 891 2463 περὶ
911 2392 989 2461 αὐτῆς
1002 2393 1171 2466 γεγραμμένῳ
1184 2393 1247 2464 δρό-

145 2513 215 2560 ματι.

185 2690 334 2765 Aristoph.
349 2688 469 2746 Thesm.
489 2704 565 2762 1074
580 2707 643 2764 sqq.
661 2620 764 2761 (11065.
781 2687 845 2759 Βτ.)

505 2781 539 2840 Ὠ
552 2787 599 2857 νὺξ
614 2787 677 2857 ίερό,

267 2885 301 2940 ὡς
314 2885 411 2956 μακρόν
423 2881 537 2954 ἵππευμα
550 2884 649 2940 διώκεις

267 2982 432 3054 ἀστεροειδέα
446 2985 513 3035 νῶτα
526 2978 679 3052 διφρεύουσ’

268 3081 370 3153 αίθίρος
385 3081 454 3151 ίερᾶς

265 3180 313 3232 τοῦ
326 3177 487 3246 σεμνοτάτου
501 3174 533 3229 δι’
549 3172 696 3244 Ὀλύμπου.

146 3274 246 3333 Schol.
265 3274 296 3330 ‘0
315 3273 485 3343 Μνησίλοχος
500 3273 534 3328 ὡς
546 3270 714 3345 Ἀνδρομέδα.
729 3273 776 3324 τοῦ
789 3270 924 3341 προλόγου
937 3265 1109 3340 Ἀνδρομέδας
1123 3266 1245 3337 είσβολὴ.

145 3372 245 3430 Schol.
260 3371 383 3428 Theocr.
397 3387 424 3435 2,
445 3368 510 3425 166.
529 3368 589 3423 Ὅτι
603 3369 632 3423 δέ
646 3371 688 3423 ε’πί
701 3367 814 3440 ἅρματος
828 3366 926 3437 όχεῖτοι
940 3365 956 3434 ἡ
970 3365 1017 3435 νὺξ
1030 3365 1170 3438 Εὐριπίδης
1184 3373 1204 3396 “
1213 3360 1247 3420 Ὠ

145 3474 191 3544 νὺξ
213 3465 500 3544 ίερδ-διφρεῦουσα.”

684 3590 702 3638 2

184 3664 334 3741 Aristoph.
345 3662 384 3721 ib.
401 3677 486 3737 1079.
503 3661 622 3735 (1070.)

264 3761 296 3816 Τί
308 3760 366 3815 ποτ’
380 3759 540 3832 Ἀνδρομέδα
553 3758 684 3830 περίαλλα
697 3759 779 3810 κακῶν

264 3858 342 3931 μέρος
355 3858 499 3929 ι’ξέλαχονς

143 3954 243 4013 Schol.
267 3957 317 4010 Καὶ
337 3959 415 4009 τοῦτο
437 3955 465 4009 εἰι
484 3955 532 4008 τοῦ
550 3954 692 4023 προλόγου.
715 3946 790 4005 “Ad
807 3945 931 4023 primam
949 3942 1055 4002 sabulae
1073 3955 1188 4019 partem
1201 3962 1246 4001 re-

142 4051 264 4110 serenda
278 4051 367 4110 etiam
381 4062 450 4109 sunt
464 4049 610 4107 Plutarch.
625 4046 732 4104 Moral.
747 4064 776 4122 p.
795 4062 830 4102 ον
847 4063 872 4102 e.
906 4047 949 4118 Τῷ
962 4039 1065 4107 θοάζειν
1077 4043 1109 4097 τὸ
1122 4043 1247 4098 κυεῖσθαι

143 4149 323 4223 σημαίνουσιν,
334 4150 368 4207 ὣς
382 4147 531 4222 Εὐριπίδης,

230 4246 325 4323 Κῆτος
340 4241 447 4317 θοόζου
462 4242 494 4317 ἐξ
507 4236 702 4316 Ἀτλαντικῆς
716 4236 800 4302 ἁλός.

632 4359 648 4398 c
663 4360 679 4399 ο
694 4357 710 4415 3
