2844 4882
655 293 882 352 Euplnluorr

681 465 852 524 urum.

254 675 337 734 Philo
357 673 424 732 Jud.
446 694 475 750 p.
490 673 540 749 98.
556 673 603 733 ed.
620 674 738 733 Hoesch.
751 608 779 752 11).
796 693 854 752 537
870 676 897 734 d.
920 676 980 752 869
994 696 1020 735 α.
1044 676 1103 734 880
1118 677 1147 735 b.
1169 675 1320 735 Eusebius

213 773 244 830 P.
258 773 292 830 E.
307 771 360 830 VI.
373 792 402 848 p.
419 787 488 843 242.
510 771 719 838 Artemid.1V,
735 786 785 849 59.

299 866 382 949 Πρὸς
395 864 474 930 ταῦτ’
489 869 541 931 ἴτω
555 868 612 946 μὲν
626 871 693 948 πῦρ,
710 870 761 932 ῐτω
777 870 810 931 δὲ
824 868 980 950 φάσγανα·

297 970 420 1050 πίμπρη,
438 967 557 1032 κάταιθε
572 968 694 1050 σάρκας,
711 970 899 1051 έμπλήσθητί
910 996 968 1050 μου

298 1073 392 1135 πίνων
407 1069 548 1134 κελαινὸν
562 1071 643 1148 οἶμα·
667 1072 782 1152 πρόσθε
796 1074 854 1154 γάρ
871 1070 948 1136 κάτω

297 1178 352 1256 γῆς
366 1173 443 1236 εἶσιν
458 1174 563 1254 ἄστρα,
580 1176 619 1254 yn*
634 1171 658 1237 δ’
675 1171 769 1237 άνεισ’
786 1176 828 1241 εἰς
841 1173 955 1255 αἰθέρα,

297 1278 367 1358 πρὶν
382 1278 413 1355 ἐξ
429 1277 501 1354 ἐμοῦ
515 1301 565 1339 σοι
580 1274 651 1340 θῶπ’
667 1277 835 1354 ἀπαντῆσαι
848 1277 953 1358 λόγον.

213 1382 295 1440 Philo
309 1401 338 1457 p.
355 1394 370 1455 5
374 1396 424 1455 37.
439 1380 565 1457 primum
579 1391 695 1438 tuntum
707 1399 824 1438 versum
838 1380 946 1448 haben
968 1401 997 1457 p.
1011 1379 1081 1438 880.
1099 1380 1162 1438 hoec
1176 1378 1321 1456 praefutur

212 1476 254 1534 οἶα
273 1478 333 1551 παρ’
350 1478 475 1551 Εὐριπίδῃ
495 1479 580 1548 φησὶν
599 1477 767 1551 ύἫραιιλῆς.
789 1477 873 1534 Idem
893 1477 1000 1555 legitur
1014 1477 1116 1535 Phoen.
1132 1490 1201 1550 521.
1230 1475 1271 1534 V.
1290 1494 1318 1534 2.

211 1578 326 1651 πίμπρη]
344 1576 411 1631 ὄπτα
424 1574 636 1632 Artemidorus.
657 1576 732 1646 τέμνε
747 1574 900 1633 Eusebius.

254 1774 363 1833 PhiloJ
366 1772 412 1832 ud.
424 1792 454 1848 p.
467 1772 526 1829 880
537 1791 563 1830 ο.
575 1771 620 1829 ed.
633 1702 852 1830 Hoesch.2nd>.w
867 1775 913 1828 τὸν
927 1775 1005 1828 αὐτὸν
1018 1774 1163 1829 σπουδαῖον
1176 1774 1228 1846 οδχ
1241 1775 1318 1846 δρᾷς,

212 1871 253 1927 ότι
267 1874 327 1928 οὐδὲ
339 1869 504 1942 πωλούμενος
518 1872 635 1943 θεράπων
648 1867 711 1925 εἶναι
725 1873 804 1939 δοκεῖ,
820 1871 1005 1940 καταπλήττειν
1017 1871 1078 1927 τούς
1092 1872 1215 1943 ὁρῶντας,
1231 1871 1266 1928 ι’νς
1286 1872 1319 1926 ού

212 1972 291 2038 μόνον
304 1969 441 2041 ἐλεύθερος
454 1969 498 2034 ὧν,
509 1968 579 2023 ἇλλδ
593 1970 633 2022 καὶ
647 1969 777 2039 δεσπότης
789 1971 913 2039 ἑπόμενος
923 1972 970 2023 τοῦ
979 1969 1119 2041 πριαμένου
1130 1991 1139 2032 ;
1154 1970 1170 2022 ά
1181 1971 1248 2041 γοῦν
1256 1967 1320 2041 ‘Ep-

212 2071 262 2137 μῆς
273 2068 473 2136 πυνθανομένοις
486 2066 545 2136 ἡμῖν
559 2066 593 2122 ὡς
606 2068 709 2137 φαῦλός
723 2067 805 2132 ἐστιν,
819 2067 990 2138 ἀποκρίνεται·

292 2159 427 2224 Ἧκιστο
441 2165 566 2242 φαῦλος,
583 2161 665 2225 ἀλλὰ
676 2165 737 2225 πᾶν
752 2163 936 2235 τούναντίον,

298 2265 459 2346 πρόσχημα
473 2263 583 2343 σεμνὸς
598 2263 650 2328 κού
665 2264 811 2337 ταπεινὸς,
828 2263 888 2329 οὐδ’
904 2266 983 2346 άγαν

299 2367 430 2448 εύογκος,
447 2367 485 2432 ὡς
499 2366 537 2430 δν
552 2372 665 2440 δοῦλος,
683 2367 765 2430 ἀλλὰ
780 2367 828 2429 καὶ
843 2365 957 2444 στολὴν

300 2470 391 2531 ἰδόντι
406 2467 542 2548 λαμπρὸς
557 2469 604 2531 καὶ
619 2470 697 2553 ξύλῳ
713 2467 895 2550 δραστήριος,

254 2676 351 2754 Pergit
365 2677 447 2733 Philo
461 2675 528 2733 Jud.

299 2772 405 2838 Οὐδεὶς
419 2771 443 2835 δ’
460 2775 490 2838 ές
504 2775 601 2840 οἴκους
613 2774 759 2839 δεσπότας
774 2774 931 2852 ἀμείνονος

299 2877 388 2938 αὑτοῦ
402 2877 544 2956 πρίασθαι
558 2878 712 2955 βούλεται·
737 2877 773 2938 σὲ
788 2873 812 2938 δ’
828 2877 954 2953 εἰσορῶν

298 2984 354 3046 πᾶς
368 3005 411 3046 τις
424 2979 565 3043 δέδοικεν·
589 2981 669 3059 ὄμμα
682 2982 740 3061 γάρ
756 2977 846 3059 πυρὸς
861 2977 969 3059 γέμεις,

299 3088 404 3165 ταῦρος
417 3082 540 3149 λέοντος
554 3083 592 3148 ὣς
605 3081 730 3160 βλέπων
744 3081 816 3161 πρὸς
831 3079 976 3160 ἐμβολήν.

213 3183 259 3243 εἴτ’
274 3188 386 3260 ι’πιλέγει

298 3281 332 3344 τὸ
346 3281 417 3360 ἦθος
431 3283 520 3345 αὐτοῦ
542 3294 558 3323 ⁴*
586 3290 602 3320 ⁴“
626 3282 660 3344 οὗ
676 3287 836 3365 κατηγορεῖ

298 3389 451 3464 σιγῶντας,
469 3384 507 3451 ὡς
522 3387 581 3463 εἴης
596 3382 634 3446 ἂν
650 3385 705 3467 οὐχ
718 3382 854 3462 ὑπήκοος,

299 3484 424 3548 τάσσειν
438 3489 470 3548 δὲ
484 3491 604 3566 μᾶλλον
618 3484 636 3564 ἢ
650 3484 861 3548 ’πιτάσσεσθαι
876 3484 986 3549 θέλοις.

749 3626 771 3684 4

252 3709 334 3767 Philo
348 3709 417 3767 Jud.
430 3709 501 3768 ibid.
517 3728 542 3767 e.
558 3710 599 3766 itu
612 3708 722 3787 pergit:
745 3710 800 3763 έπεὶ
814 3709 842 3761 δέ
857 3710 897 3761 καὶ
913 3708 1054 3780 πριαμένου
1068 3707 1168 3762 Συλέας
1182 3705 1219 3765 εἷς
1232 3706 1316 3781 ἀγρὸν

211 3808 341 3880 έπέμφθη,
358 3810 480 3879 διέδειξεν
500 3809 585 3879 ἔργοις
603 3808 634 3861 τὸ
655 3809 700 3875 τῆς
716 3803 823 3877 φύσεως
841 3801 999 3859 ἀδούλωτον·
1021 3806 1067 3858 τὸν
1079 3804 1127 3873 μέν
1139 3805 1190 3875 γάρ
1203 3805 1316 3876 ἄριστον

211 3911 263 3960 τῶν
276 3907 328 3960 ε’κεῖ
339 3905 440 3979 ταύρων
453 3903 598 3961 καταθύσας
613 3906 654 3958 Διὶ
674 3906 809 3975 πρόφασιν
826 3903 958 3973 εὐωχεῖτο,
972 3902 1057 3956 πολύν
1071 3900 1093 3955 δ’
1108 3896 1178 3955 οἶνον
1195 3903 1315 3974 ἐμφορή-

212 4027 262 4060 σας
275 4005 370 4076 άθρουν
383 4001 412 4057 εὖ
425 4004 496 4072 μάλα
510 4003 668 4058 κατακλιθεὶς
682 3998 839 4074 ἢκρατέζετο.
882 4003 959 4054 Σολεῖ
971 4000 999 4054 δέ
1013 3999 1159 4073 ἀφικομένῳ
1175 4001 1216 4054 καὶ
1230 4001 1314 4055 δυσο-

212 4104 382 4171 νασχετοῦντι
396 4100 439 4153 ε’πί
452 4123 479 4153 τε
494 4102 525 4167 τῇ
539 4102 628 4168 βλάβη
644 4101 683 4153 καὶ
698 4104 729 4167 τῇ
743 4103 789 4153 τοῦ
811 4099 966 4169 θεράποντος
982 4095 1092 4168 ῥᾳθυμίᾳ
1112 4097 1152 4149 καὶ
1165 4097 1208 4149 έπὶ
1221 4100 1253 4162 τῇ
1268 4119 1316 4151 πε-

211 4203 284 4270 ριττῇ
299 4196 498 4268 καταφρονήσει,
513 4197 592 4264 μηδὲν
605 4196 668 4266 μητε
688 4198 732 4262 τῆς
746 4195 826 4263 χρόας
839 4193 902 4261 μήτε
925 4188 960 4247 εύν
978 4195 1087 4262 ἔπραττε
1101 4196 1255 4257 καταβαλὼν
1269 4197 1313 4248 εύ-

211 4297 358 4366 τολμότειτά
372 4297 440 4366 φησι
