2844 4882
533 296 877 360 ΛΠΟΣΠΑΣΜΑΤΙΑ.

239 465 321 530 ὅστις
336 464 368 527 δέ
382 468 529 527 πλεῖστον
543 465 653 542 μισθὸν
668 467 710 533 εἰς
723 471 826 549 χεῖρας
839 469 946 548 λαβὼν

241 565 329 632 κακδς
339 564 470 648 γένηται,
487 569 561 650 τῷδε
575 569 736 650 συγγνώμη
750 569 807 647 μέν
822 567 866 642 οδ,

239 672 333 734 πλείω
348 671 381 735 δέ
395 669 505 749 μισθὸν
518 671 651 749 μείζονος
664 672 775 751 τόλμης
790 671 869 754 ἔχων

240 772 293 836 τὸν
308 778 367 837 τῶν
380 773 535 854 λεγόντων
546 775 623 856 ῥᾷον
637 772 676 837 ἀν
691 772 779 855 φέροι
792 775 906 856 φάγον.

689 935 712 993 4

195 1000 329 1059 waaeus
344 1002 372 1059 8.
396 1020 425 1076 p.
441 1001 492 1077 96.

240 1098 337 1160 Δόλοι
352 1097 384 1160 δέ
400 1096 446 1159 καὶ
462 1100 602 1161 σκοτεινδ
611 1097 810 1181 μηχανήματα

239 1198 341 1281 χρείας
355 1196 502 1279 ἀνάνδρου
516 1198 649 1283 φάρμαχ’
666 1202 783 1283 εὕρηται
797 1207 926 1283 βροτοῖς.

195 1427 329 1486 Stobaeus
343 1427 390 1501 38.
401 1445 430 1502 p.
443 1443 512 1484 ατο.
692 1357 713 1422 5

239 1525 409 1586 Φθονοΰσιν
423 1520 506 1584 αὐτοὶ
521 1522 656 1603 χείρονες
669 1522 845 1601 πεφυκότες·

241 1625 281 1690 είς
295 1623 446 1703 τάπίσημα
461 1624 488 1687 δ’
503 1624 520 1686 ό
535 1624 647 1705 φθόνος
661 1627 757 1702 πηδάν
772 1630 866 1705 φιλεῖ.

194 1862 328 1922 Stobaeus
343 1863 391 1937 38.
406 1881 434 1939 p.
448 1880 516 1920 ναν.
690 1780 710 1840 6

234 1955 316 2037 Ἤδη
331 1961 388 2039 γὰρ
404 1956 484 2021 είδον
500 1958 547 2021 καὶ
562 1960 641 2039 δίκης
654 1960 845 2041 παραστάτας

240 2060 367 2128 ἐσθλοὺς
380 2063 497 2146 πονηρῷ
512 2063 552 2145 τῷ
567 2063 670 2147 φθόνῳ
686 2062 869 2142 νικωμένους.

196 2291 330 2350 Stobaeus
345 2310 411 2364 104.
428 2310 456 2367 p.
471 2291 541 2367 565.
692 2224 708 2287 7

241 2413 270 2451 α.
286 2385 365 2466 Τιμή
379 2386 411 2448 α’
427 2387 541 2469 ἐπαίρει
555 2392 614 2450 τῶν
628 2386 722 2454 πέλας
735 2392 854 2466 μῖιλλον
868 2394 1001 2470 φρονεῖν.

239 2496 273 2567 β.
291 2487 446 2568 θνήσκοιμ’
462 2489 509 2552 ἀν·
526 2489 562 2554 οὗ
572 2493 630 2571 γὰρ
642 2491 725 2569 ἀξιον
740 2492 884 2555 λεύσσειν
898 2492 976 2574 φάος

296 2589 400 2656 κακοὺς
414 2591 544 2672 ὁρῶντας
559 2593 677 2660 ἐκδίκως
690 2593 879 2673 τιμωμένους.

195 2820 305 2880 waaei
316 2819 451 2896 Append.
467 2821 544 2896 apud
557 2735 713 2879 (ῗαίςιίοτόές
716 2824 774 2881 vol.
787 2823 841 2884 IV.
862 2844 892 2901 p.
907 2843 954 2883 20.

241 2915 334 2997 ’Λνηρ
350 2917 382 2979 δέ
397 2915 527 2997 χρηστὸς
541 2916 674 2999 χρηστὸν
689 2918 724 2980 οὗ
737 2924 822 2997 μισεῖ
833 2944 916 2992 ποτε,

242 3021 319 3104 κακῷ
333 3018 419 3083 κακός
433 3041 466 3080 τε
481 3018 658 3098 συντέτηκεν
672 3020 799 3099 ἡδοναῖς·

241 3124 328 3202 φιλεῖ
340 3120 372 3182 δέ
387 3118 580 3201 θοὺμόφυλον
595 3122 766 3203 ἀνθρώπους
781 3122 876 3203 ἀγειν.

155 3250 251 3307 Versu
267 3267 292 3306 2.
307 3248 344 3306 ad
355 3247 516 3306 orationem
531 3268 614 3306 suam
629 3250 852 3309 accommodato
862 3252 955 3311 utitur
963 3255 1137 3314 Aristoteles
1150 3255 1252 3334 Magn.

154 3346 261 3404 Moral.
277 3345 317 3411 ΙΙ,
332 3363 377 3402 ιι.
393 3344 489 3402 Ethic.
504 3344 627 3404 Eudem.
640 3346 710 3414 Vll,
725 3365 752 3405 α.

196 3562 330 3621 Stobaeus
344 3576 393 3637 52.
408 3580 437 3637 p.
454 3562 524 3637 360.

242 3656 337 3734 Νείκη
351 3657 408 3736 γὰρ
423 3656 538 3736 ἀνδρῶν
553 3657 646 3738 φόνια
661 3658 709 3720 καὶ
723 3657 822 3741 μάχας
834 3663 932 3741 χερῶν

242 3758 359 3821 δόλοισι
374 3755 521 3822 κλέπτειν·
551 3762 601 3837 τῆς
615 3756 639 3822 δ’
656 3761 796 3839 ἀληθείας
810 3758 877 3826 όδδς

242 3861 344 3941 φαύλη
358 3862 402 3928 τίς
417 3861 491 3934 ἐστι,
507 3862 654 3943 ψεύδεσιν
665 3863 693 3925 δ’
704 3859 796 3943 Ἀρης
810 3863 908 3943 φίλος.

197 4092 330 4151 Stobaeus
344 4091 462 4149 ibidem.
677 4022 716 4066 m

242 4185 307 4251 Ἀεὶ
321 4189 379 4268 γὰρ
395 4187 488 4268 ἀνδρα
502 4185 608 4250 σκαιὸν
623 4185 749 4269 ίσχνρὸν
763 4187 855 4268 φύσει

242 4288 341 4368 ἧσσον
352 4287 470 4354 δίδοικα
480 4288 643 4355 τάσθενοΰς
657 4313 690 4355 τε
706 4289 754 4351 καὶ
768 4291 877 4370 σοφοῦ.
