2844 4882
598 279 826 340 ΕΥΡΙΠΙΔΟΥ

232 446 388 525 προγόνων
402 448 516 510 παλαιὰ
531 443 627 526 θέσμι’
645 447 727 513 ὅστις
742 448 876 526 ἐκβαλεῖ.

232 543 292 610 οὐδ’
308 546 370 610 ἀντ’
389 546 480 614 έλάας
493 547 624 631 χρυσέας
638 574 671 612 τε
686 552 835 631 Γοργόνος

231 653 365 733 τρίαιναν
379 652 470 732 ὀρθήν
485 656 603 716 στᾶσαν
619 653 653 716 ἐν
667 650 784 719 πόλεως
797 653 922 737 βάθροις

233 755 392 833 Εὔμολπος
406 756 473 818 οὐδὲ
489 753 576 838 Θρᾲξ
591 754 759 836 ιἰνοστέψει
773 758 850 823 λεδς

231 855 419 937 στεφάνοισι,
438 860 567 923 Παλλὰς
578 855 602 920 δ’
619 857 748 936 οὐδαμοῦ
761 858 924 938 τιμήσεται.

233 956 351 1041 χρήσθ’,
368 956 391 1021 ά
405 965 535 1032 πολῖται,
552 964 612 1025 τοῖς
628 964 708 1038 ἐμοῖς
721 963 918 1043 λοχεύμασιν,

231 1061 374 1136 σώζεσθε,
391 1057 495 1123 νικᾶτ’·
519 1059 585 1124 άντέ
599 1062 657 1141 γὰρ
673 1065 774 1144 ψυχῆς
787 1066 856 1141 μιᾶς

229 1161 283 1224 οὐκ
298 1159 361 1224 ἔσθ’
377 1163 455 1227 ὅπως
466 1162 501 1225 οὐ
515 1160 594 1241 τήνδ’
611 1163 669 1242 ἐγὼ
685 1163 775 1226 σώσω
789 1161 891 1228 πάλιν.

230 1260 253 1325 (δ
267 1265 380 1345 πατρὶς,
397 1266 459 1328 είθε
473 1263 582 1331 πάντες
596 1264 625 1327 οῖ
640 1265 760 1328 ναίουσί
773 1291 809 1329 σε

230 1368 306 1429 οὕτω
323 1372 444 1447 φιλοῖεν
459 1366 497 1433 ὡς
512 1367 581 1447 ἐγώ·
606 1366 654 1429 καὶ
667 1367 772 1451 ῥᾳδίως

235 1470 366 1547 οἰκοῖμεν
380 1468 418 1531 άν
442 1494 488 1541 σε,
506 1468 609 1532 κούδὲν
625 1467 662 1531 δν
676 1466 806 1552 πάσχοις
821 1469 921 1536 κακόν.
1210 1496 1232 1562 5
1233 1500 1256 1564 5

184 1588 355 1647 Plutarchus
371 1588 475 1647 M'oral.
491 1608 520 1665 p,
531 1589 591 1660 604
605 1590 633 1647 d.
655 1592 699 1648 Τίς
711 1594 763 1664 γάρ
776 1591 860 1665 ε’ίρηκε
872 1597 1017 1664 τήτέιιυτοῦ
1028 1598 1157 1670 πατρίδος
1166 1600 1254 1672 ἐγκώ.

146 1710 206 1756 μιαν
218 1690 336 1741 τοιοῦτον
350 1683 405 1742 οῖον
415 1689 556 1760 Εὐριπίδης
567 1709 574 1751 ;

224 1779 282 1844 Ἧι
295 1786 396 1863 πρῶτα
409 1784 466 1860 μὲν
480 1783 557 1848 λεὼς
569 1781 621 1845 οὐκ
637 1783 762 1849 ἐπακτὸς
776 1784 918 1859 ἄλλοθεν,

229 1883 407 1968 αὐτόχθονες
422 1884 446 1948 δ’
463 1886 586 1966 ἔφυμεν·
611 1887 642 1948 αἱ
656 1883 680 1949 δ’
696 1886 789 1950 άλλοι
804 1884 906 1954 πόλεις

228 1993 351 2052 πεσσῶν
365 1989 472 2069 ὁμοίως
485 1993 711 2069 διαφορηθεῖσαι
724 1995 834 2067 βολαῖς

227 2091 320 2154 ἄλλοι
334 2089 401 2171 παρ’
419 2093 522 2156 ἄλλων
537 2092 615 2154 είσὶν
630 2093 818 2173 ἐξαγάγιμοι.

229 2198 267 2259 Εἰ
281 2198 312 2259 δέ
328 2195 478 2277 πάρεργον
493 2195 550 2279 χρή
566 2221 593 2259 τι
609 2194 770 2273 κομπάσαι,
785 2198 881 2276 γύναι,

227 2297 355 2379 οὐρανὸν
369 2300 442 2378 ὑπὲρ
457 2301 510 2378 γῆς
525 2297 636 2378 ἐχομεν
651 2297 684 2358 εὐ
699 2295 889 2377 κεκραμένον,

229 2397 266 2462 ἵν’
283 2397 342 2462 οὐτ’
359 2399 437 2479 ἄγαν
447 2402 504 2478 πῦρ
520 2400 587 2462 οὐτε
602 2402 692 2480 χεῖμα
707 2398 873 2476 συμπίτνει.

230 2501 249 2564 ἃ
267 2500 291 2564 δ’
306 2499 421 2569 Ἐλλδς
433 2500 525 2565 Ἀσία
539 2527 573 2564 τε
587 2501 690 2581 τρέφει
705 2499 853 2565 κάλλιστα

228 2608 278 2682 τῆς
293 2629 328 2686 γε
344 2604 451 2685 δέλεαρ
467 2605 588 2688 ἔχοντες
603 2605 831 2684 συνθηρεύομεν.

675 2739 712 2800 18

181 2826 315 2886 Stobaeus
331 2843 377 2902 74.
394 2848 421 2903 p.
433 2843 503 2902 451.

230 2928 336 2987 Θετῶν
352 2926 384 2986 δέ
399 2925 511 2986 παίδων
525 2926 583 2985 πού
598 2921 719 3003 κράτος;
744 2927 780 2986 τὰ
795 2925 892 3004 φύντα
908 2928 964 3006 γὰρ

229 3028 356 3106 κρείσσω
373 3027 500 3104 νομίζειν
515 3028 574 3087 τῶν
589 3024 759 3105 δοκημάτων
773 3027 881 3109 χρεών.

671 3147 682 3188 1

182 3216 315 3272 Stobaeus
331 3230 379 3289 77.
394 3235 424 3290 p.
437 3231 505 3289 454.
690 3148 709 3211 9

227 3310 291 3373 Οὐκ
307 3310 390 3373 ἔστιν
404 3311 491 3374 οὐδὲν
505 3311 613 3392 μητρὸς
626 3313 708 3390 ἥδιον
723 3312 845 3379 τέκνοις.

227 3416 313 3495 ε’ρᾶτε
326 3413 435 3494 μητρὸς
448 3419 559 3481 παῖδες·
585 3416 622 3481 ὥς
637 3415 689 3478 οὐκ
704 3413 765 3477 ἔστ’
782 3416 853 3495 έρως

226 3520 356 3581 τοιοῦτος
370 3517 473 3589 ἄλλος,
490 3519 552 3584 οἷος
565 3519 654 3596 ἡδίων
670 3520 752 3599 ἐρᾶν.

182 3730 315 3787 Stobaeus
331 3749 359 3804 3.
375 3748 403 3805 p.
419 3729 469 3803 36.
672 3660 712 3704 ²0

224 3833 338 3915 Ὀρθῶς
351 3832 380 3912 μ’
396 3833 514 3915 ἐπήρου,
531 3837 681 3913 βούλομαι
696 3833 729 3898 δέ
744 3860 803 3907 σοι,
819 3834 979 3908 τέκνον,-

225 3943 345 4018 φρονεῖς
360 3940 417 4018 γὰρ
432 3937 485 4016 ήδη
502 3936 681 4001 κᾶποσιύσαί
698 3936 735 4000 ἂν
750 3937 860 4017 πατρὸς

225 4042 342 4120 γνώμας
358 4040 540 4120 φράσαντος,
555 4036 591 4116 ἢν
604 4039 916 4119 θάνω-παραινέσαι

226 4141 348 4220 κειμήλι’
366 4146 462 4206 ἐσθλὰ
477 4143 523 4205 καὶ
540 4142 634 4205 νέοισι
649 4142 790 4224 χρήσιμα,

223 4251 336 4326 βραχεῖ
349 4247 380 4307 δὲ
394 4248 475 4327 μύθῳ
491 4247 592 4307 πολλὰ
608 4246 772 4322 συλλαβὼν
788 4247 854 4323 ἐρῶ.
