2850 4898
508 306 858 367 ΑΠΟΣῘῙΑΣΜΑΤΙΑ.
1173 306 1235 373 941

137 459 265 514 πίπτοντα
277 458 324 526 τῆς
338 458 439 530 τροφῆς
451 455 504 511 άπδ
515 461 568 512 τῶν
580 461 720 532 τραπεζῶν.
741 460 782 513 διδ
800 460 841 514 καὶ
859 460 999 532 Εὐριπίδης
1016 461 1135 532 περὶτῆς
1149 460 1238 516 Σθενε·

143 556 219 622 βοίας
232 554 325 627 φησίν,
341 554 429 624 ἐπειδὴ
443 554 537 624 νομίζει
550 555 597 608 τόν
610 557 824 627 Βελλεροφόντην
840 557 957 612 τεθνάναι

224 648 330 713 Πεσὸν
345 647 378 712 δέ
392 672 439 711 νιν
452 646 583 727 λέληθεν
598 650 684 712 οὐδὲν
699 650 732 712 ἑκ
746 648 845 732 χερὸς,

224 751 295 814 ἀλλ’
312 750 395 816 εὐθὺς
410 751 493 833 αὐδᾷ,
509 754 550 836 τῳ
566 753 712 836 Κορινθίῳ
727 751 812 837 ξένῳ.

138 857 249 914 Locum
263 855 340 913 ridet
353 855 502 929 Aristoph.
518 855 634 913 Thesm.
647 873 716 929 403.
739 856 803 928 ἀνὴρ
815 857 908 929 ἐρατᾷ,
922 863 964 934 Τῷ
977 859 1098 932 κατέαγεν
1112 859 1127 929 ἡ
1140 856 1237 930 χύτρο;

137 954 183 1008 οὐκ
203 951 260 1008 ἔσθ’
281 951 350 1009 ὅπως
370 953 401 1007 οὐ
421 957 458 1028 τῷ
474 953 601 1028 Κορινθίῳ
614 957 688 1028 ξένῳ.
711 953 761 1010 ubi
776 952 866 1010 schol.
880 955 908 1009 ε’κ
922 955 1073 1021 Σθενεβοίας
1086 954 1237 1027 Εύριπίδου.

137 1053 274 1117 διαβάλλει
287 1051 316 1106 δι’
330 1051 364 1107 ὣς
376 1051 484 1122 μοιχοὺς
497 1052 558 1108 τοὺς
572 1052 733 1123 Κορινθίους.
757 1049 802 1107 Cf.
817 1050 944 1128 Hesych.
956 1071 985 1110 v.
1007 1053 1141 1125 Κορίνθιος
1154 1053 1237 1123 ξένος.

179 1246 313 1305 Stobaeus
328 1247 376 1323 83.
392 1267 422 1325 p.
436 1247 509 1322 483.
677 1164 696 1224 6

225 1344 360 1422 Κομίζετ’
377 1345 448 1408 είσιο
462 1343 558 1423 τήνδε·
582 1346 735 1409 πιστεύειν
750 1347 782 1409 δὲ
797 1345 855 1429 χρὴ

225 1447 342 1527 γυναικὶ
356 1447 458 1525 μηδὲν,
475 1446 557 1513 όστις
572 1446 604 1510 εὖ
619 1453 728 1528 φρονεῖ
738 1454 866 1529 βροτῶν.

676 1589 694 1657 7

178 1679 308 1745 Photius,
324 1680 490 1736 Ξεναπάταςτ
514 1679 584 1737 ίδίιος
597 1680 639 1734 ε’πί
651 1680 776 1737 τῶνθταν
794 1682 828 1752 μὴ
847 1684 961 1736 τοιοῦτοι
978 1682 1092 1736 πνίινσιν
1109 1679 1197 1752 άνεμοι
1210 1682 1238 1736 έν

136 1781 192 1835 τοῖς
204 1779 356 1851 πελάγεσιν,
371 1779 457 1831 ὁποῖοι
471 1777 499 1830 ἐν
511 1781 566 1833 τοῖς
579 1779 692 1847 λιμέσιν.
715 1780 854 1851 Εὐριπίδης
867 1779 1005 1850 Σθενεβοίᾳ

222 1873 276 1939 Τίς
290 1872 383 1952 ἄνδρα
397 1874 466 1954 τιμᾷ
483 1870 659 1950 ξεναπάτην.

177 1976 278 2033 Pollux
290 1974 345 2043 III,
362 1975 408 2051 58.
431 1974 528 2048 ε’ίρηται
542 1976 570 2030 δι’
584 1977 727 2047 ξεναπάτης
739 1977 799 2050 παρ’
814 1977 951 2049 Εὐριπίδη.

678 2104 696 2165 8

178 2190 312 2250 Stobaeus
326 2192 375 2249 66.
390 2210 419 2266 p.
435 2210 505 2265 4²0·

223 2287 366 2355 Πολλοὺς
380 2289 412 2351 δὲ
426 2288 544 2372 πλούτῳ
561 2288 608 2351 καί
623 2287 706 2369 γένει
719 2285 936 2369 γαυρουμένους

223 2391 298 2474 γυνη
313 2388 472 2473 κατῄσχυν’
489 2394 523 2452 έν
539 2391 657 2471 δόμοισι
673 2391 771 2470 νηπία.

178 2596 312 2655 Stoboeus
328 2614 374 2673 29.
390 2616 418 2672 p.
439 2614 505 2672 199.
677 2529 697 2594 9

219 2690 314 2755 Ἀνευ
328 2694 418 2775 τύχης
431 2696 499 2774 γὰρ,
516 2694 617 2772 ὥσπερ
632 2693 651 2771 ἡ
665 2692 817 2772 παροιμία,

223 2796 315 2861 πόνος
327 2796 470 2873 μονωθεὶς
484 2792 578 2858 οὐκέτ’
594 2795 718 2876 ἀλγύνει
732 2795 869 2875 βροτούς.

179 3001 278 3060 Schol.
293 3001 398 3058 Venet.
414 3001 503 3058 Arist.
520 3001 586 3058 Pac.
607 2932 709 3074 miii
721 3003 802 3073 λόγος
815 3000 904 3056 ἕκαθεν
919 3001 947 3054 ἐκ
966 2999 1116 3066 Σθενεβοίας
1131 3001 1235 3074 Εὐριπί·

137 3101 194 3164 δου,
206 3101 273 3156 τινές
286 3101 314 3154 δί
328 3096 424 3154 οίονται
434 3101 461 3154 εἰι
472 3101 687 3171 Βελλεροφόντου
700 3098 876 3171 παρῳδῆσθαι.
897 3099 1004 3188 ἕστιτδί
1018 3098 1046 3152 ἒν
1057 3101 1089 3166 τῇ
1101 3098 1237 3169 Σθενεβοίᾳ

136 3198 206 3270 παρὰ
219 3200 331 3272 τραγικῷ
343 3195 434 3252 οὗτος.
456 3198 537 3252 πελας
550 3197 579 3250 δὲ
597 3193 691 3262 ταύτης
707 3195 789 3251 δεινὸς
807 3194 907 3267 ἵδρυται
925 3198 973 3268 κρά
985 3194 1118 3267 ἕνθηροςῆ
1137 3194 1239 3263 ληστης

137 3298 289 3368 φρουρεῖται
301 3293 411 3348 κλύδωνι
425 3296 499 3369 δεινῷ
510 3295 679 3367 βροτοστθνῳ
691 3293 782 3364 βρίμει
796 3293 891 3362 πτηνὸς
903 3290 1026 3366 πυρεύγει
1038 3290 1116 3364 (cod.
1128 3290 1236 3347 Venet.

138 3407 206 3467 475.
221 3390 351 3468 πορεύει).
375 3400 394 3421 “
408 3391 520 3447 Primus
533 3408 634 3447 versus
649 3389 765 3446 videtur
781 3408 843 3446 esse
858 3389 1000 3446 iambicus
1015 3389 1146 3445 trimeter

223 3486 318 3551 πέλας
332 3486 364 3548 δὲ
378 3486 484 3564 ταύτης
498 3484 592 3550 δεινὸς
607 3487 718 3565 ἵδρυται
733 3482 837 3565 κράτος

138 3618 199 3664 tum
215 3606 406 3664 iambieorum
421 3606 551 3682 reliquiae
565 3606 667 3663 lecerae

225 3700 346 3781 ένθηρος
359 3702 377 3779 ἢ
392 3700 505 3778 λῃστὴς
519 3742 538 3762 υ
554 3703 725 3780 φρουρεῖται
740 3740 759 3759 ..
773 3735 786 3745 -

224 3804 350 3866 κλύδωνι
364 3803 684 3887 δεινῷ-βροτοστόνῳ
699 3798 806 3880 βρέμει

223 3903 332 3984 πτηνὸς
345 3902 492 3985 πορεύει.”

137 4011 299 4068 anm.

593 4201 781 4260 ΣΙΣΎΦΟΣ.

179 4301 347 4378 Sisyphum,
363 4300 491 4359 fabulam
506 4301 672 4376 satyricam,
685 4301 721 4358 ab
736 4299 874 4376 Euripide
889 4301 919 4357 in
935 4319 1052 4358 scenam
1064 4299 1234 4376 productam
