2850 4898
191 294 256 360 904·
629 294 857 353 ΕΥΡΙΠΙΔΟΥ

430 465 674 524 ΙΠΠΟΛΎΤΟΣ
698 464 1046 524 ΚΑΛΎΠΤΟΜΕΝΟΣ

232 565 276 622 De
291 576 462 643 argumento
474 565 578 622 fabulae
593 565 682 622 schol.
698 566 822 622 Theocr.
830 564 870 630 11,
885 583 929 620 10.
950 569 1012 622 Ταῖς
1021 568 1097 638 ἔρωτι
1111 568 1293 637 κατεχομένοις

190 663 238 732 τὴν
252 662 363 732 σελήνην
375 664 574 733 μετακαλεῖσθαι
588 662 707 733 σύνηθες,
717 665 751 720 ὡς
763 666 805 719 καὶ
814 664 953 735 Εὐριπίδης
960 667 1030 718 ποιεῖ
1037 664 1150 736 Φαίδραν
1161 664 1291 735 τράπον-

192 782 243 814 σαν
256 762 283 815 ἐν
296 765 333 835 τῷ
345 760 758 837 κατακαλυπτομένῳἹππολύττρ.
784 761 955 818 Plutarchus
969 761 1075 818 Moral.
1090 780 1121 837 p.
1133 759 1169 816 28
1185 780 1212 817 a.
1242 763 1293 815 Καὶ

191 860 206 911 ὁ
221 856 350 927 σύσκηνος
364 859 443 912 αὐτοῦ
458 859 646 930 (Σοφοκλέους)
662 861 741 913 πάλιν
754 862 815 930 ὁρᾷς
826 858 866 913 ὅτι
879 858 926 928 τήν
935 882 966 932 γε
975 860 1087 931 Φαίδραν
1095 861 1293 930 προσεγκαλοῦ-

193 976 243 1009 σαν
261 959 298 1030 τῷ
311 958 394 1024 θησεῖ
409 956 555 1024 πεποίηκεν,
572 957 605 1012 ὡς
619 957 661 1011 διὰ
674 957 720 1012 τὰς
734 957 830 1011 ἐκεῖνον
843 958 1001 1030 παρανομίας
1009 957 1165 1029 ἐρασθεῖσαν
1178 962 1227 1012 τοῦ
1236 956 1291 1012 Ἰπ-

192 1052 318 1108 πολύταν.

234 1259 369 1317 Stobaeus
388 1277 432 1315 ια.
444 1279 473 1334 p.
490 1276 556 1331 140.
733 1192 745 1234 I

274 1352 396 1436 Ἐγωγέ
411 1363 486 1434 φημι
501 1355 549 1416 καὶ
564 1355 656 1432 νόμον
670 1379 706 1435 γε
719 1354 759 1434 μὴ
775 1354 882 1434 σέβειν

279 1459 313 1520 ἓν
327 1463 406 1519 τοῖσι
420 1460 527 1523 δεινοῖς
540 1461 599 1519 τῶν
614 1458 783 1538 ἀναγκαίων
798 1459 903 1524 πλέον.

731 1603 749 1649 2

234 1670 366 1729 Stobaeus
381 1689 429 1746 49.
444 1691 473 1748 p.
486 1690 554 1747 355.

279 1766 325 1830 Οῦ
341 1769 397 1847 γὰρ
414 1765 473 1829 κατ’
492 1766 651 1846 εὐσέβειαν
666 1770 696 1831 αἱ
711 1772 825 1847 θνητῶν
839 1770 936 1850 τύχαι,

278 1867 465 1946 τολμήμασιν
480 1870 512 1931 δὲ
528 1869 575 1931 καὶ
588 1872 685 1951 χερῶν
700 1870 882 1951 ὑπερβολαῖς

279 1973 437 2035 ἁλίσκεταί
447 1997 480 2036 τε
495 1973 592 2037 πάντα
608 1972 655 2035 καὶ
670 1974 831 2053 θηρεύεται.

733 2113 752 2179 3

237 2178 371 2239 Stobaeus
386 2177 435 2238 61.
451 2199 479 2255 p.
494 2178 563 2252 388.
618 2188 620 2192 '

274 2275 359 2360 Ἐχω
375 2278 406 2339 δὲ
422 2278 531 2355 τόλμης
547 2279 594 2338 καὶ
609 2274 737 2356 θράσους
751 2275 933 2340 διδάσκαλον

281 2381 314 2442 ἐν
328 2385 388 2444 τοῖς
403 2377 601 2459 ἆμηχάνοισιν
616 2377 830 2457 εὐπορώτατον,

274 2480 404 2562 Ἔρωτα,
420 2477 540 2543 πάντων
556 2482 788 2561 δυσμαχώτατον
803 2485 888 2544 θεῶν.

235 2698 368 2757 Stobaeus
383 2714 469 2771 31.p.
482 2714 512 2751 21
525 2714 549 2754 1.

273 2791 318 2855 Ὤ
332 2794 425 2855 πότνι’
441 2792 543 2864 Αἰδὼς,
561 2795 622 2855 εἴθε
637 2797 698 2857 τοῖς
711 2794 804 2854 πᾶσιν
817 2796 938 2872 βροτοῖς

280 2899 409 2973 ξυνοῦσα
423 2896 642 2976 τᾶναίσχυντον
658 2890 760 2974 ἔξήρου
775 2897 903 2974 φρενῶν.

234 3112 383 3186 Aristoph.
398 3109 487 3184 Vesp.
502 3109 568 3183 748.
730 3040 750 3104 5

280 3206 333 3284 Μή
348 3231 398 3284 μοι
413 3205 524 3267 τούτων
537 3205 630 3283 μηδὲν
644 3206 803 3286 ὑπισχνοῦ,

193 3312 242 3370 ubi
257 3310 348 3368 schol.
364 3311 393 3381 ἒξ
405 3308 561 3363 Ἱππολύτου
575 3310 724 3382 Εὐριπίδου.

179 3529 186 3547 ·
235 3515 406 3574 Plutarchus
419 3515 527 3572 Moml.
541 3534 571 3590 p.
587 3513 645 3587 778
657 3514 685 3570 b.
709 3428 842 3572 δύσονται
856 3516 904 3571 61.
919 3535 948 3590 p.
965 3513 1034 3590 386.

281 3613 321 3675 Οἱ
336 3613 394 3692 γὰρ
409 3611 523 3690 Κύπριν
538 3610 702 3690 φεύγοντες
717 3610 879 3689 ἀνθρώπων
890 3612 969 3692 ἄγαν

280 3710 401 3777 νοσοῦσ’
418 3713 523 3790 ὁμοίως
536 3717 598 3777 τοῖς
612 3712 690 3791 ἄγαν
705 3711 890 3793 θηρωμένοις.

234 3970 325 4027 Clem.
336 3971 417 4027 Alex.
431 3969 538 4026 Strom.
554 3969 606 4026 VI.
622 3988 650 4044 p.
667 3881 770 4026 θοοῦ).
788 3968 921 4028 Stobaeus
938 3988 985 4044 7¹·
998 3990 1025 4047 p.
1040 3989 1109 4047 432.

581 4061 665 4127 Ἀντὶ
680 4067 738 4146 γὰρ
752 4064 842 4145 πυρὸς

280 4171 336 4248 πῦρ
352 4168 429 4230 ἄλλο
444 4171 543 4245 μεῖζον
558 4166 609 4244 ἠδὲ
624 4169 853 4250 δυσμαχώτερον

281 4271 435 4347 ἔβλαστον
449 4271 479 4332 αἱ
493 4274 638 4349 γυναῖκες.
