2844 4882
550 282 897 342 ΑΠΟΣΠΑΣΜΑΤΙΑ.

254 442 313 508 Ἴθι
326 443 523 528 χρυσοχόλιν’
541 448 632 528 αίρων
646 446 803 528 πτέρυγας,

172 549 218 604 τδν
231 551 356 623 κάνθαρον
369 554 407 626 τῷ
421 552 537 627 Πηγόσιρ
557 551 705 618 ε’πεικάέων.

705 667 718 709 1

211 748 300 805 Arist.
316 749 391 823 Equ.
411 749 496 822 1246.
724 667 744 731 9

257 841 411 907 Κυλίνδετ’
428 847 498 907 είσω
513 847 600 908 τόνδε
614 845 667 909 τδν
682 848 873 928 δυσδαίμονα.

170 949 221 1007 ubi
234 949 325 1006 achel.
339 951 463 1005 τοῦτοδὲ
477 952 504 1006 ἐκ
518 954 733 1024 Βελλεροφόντου
746 955 896 1025 Εὐριπίδου.
925 957 956 1010 τδ
969 957 999 1012 δι’
1013 958 1138 1013 κυλίνδετ’
1152 959 1209 1014 άντί
1222 964 1270 1015 τοῦ

169 1047 291 1119 κομίζετε.

703 1161 744 1207 20

209 1247 342 1305 Stobaeus
354 1263 405 1323 95.
416 1267 447 1325 p.
460 1264 476 1324 5
487 1267 529 1324 ¹9·

252 1340 334 1424 Ἐγὼ
356 1342 391 1406 τὸ
404 1345 461 1422 μὲν
476 1343 511 1423 δὴ
526 1348 681 1427 πανταχοῦ
696 1346 899 1425 θρυλούμενον

254 1443 411 1525 κράτιστον
427 1444 506 1509 εἶναί
518 1454 602 1526 φημι,
617 1446 657 1525 μὴ
672 1451 765 1528 φῦναι
778 1452 888 1534 βροτῷ·

252 1552 384 1627 τρισσῶν
398 1549 430 1611 δὲ
444 1554 554 1629 μοιρῶν
570 1550 693 1630 ἓγκριυῶ
710 1554 794 1613 νικῶν
808 1552 890 1629 μίαν,

251 1650 382 1713 πλοότου
396 1674 439 1724 τε,
454 1648 541 1736 χότιρ
557 1650 677 1732 σπέρμα
691 1658 833 1733 γενναῖον
846 1657 956 1735 προσῇ,

250 1751 353 1818 πενίας
367 1753 405 1814 τ’·
430 1752 554 1833 ἀριθμὸν
567 1756 625 1834 γὰρ
639 1755 764 1818 τοσόνδε
779 1756 955 1837 προύθέμην.

251 1854 338 1932 ὁμὲν
352 1853 524 1929 ζάπλουτος,
542 1857 583 1921 είς
597 1855 684 1937 γένος
699 1854 722 1919 δ’
739 1857 791 1920 οὐκ
807 1858 939 1941 εὐτυχὴς,

251 1955 342 2037 ἀλγεῖ
352 1957 409 2034 μὲν
424 1956 521 2037 ἀλγεῖ,
537 1956 698 2038 παγκάλως
712 1957 736 2020 δ’
753 1959 924 2040 ἀλγύνεται,

250 2059 347 2137 ὄλβον
363 2060 482 2140 διοίγων
497 2058 633 2138 θάλαμον
647 2060 769 2138 ἥδιστον
784 2062 861 2144 χερί.

250 2159 305 2238 ἔξω
321 2161 354 2224 δὲ
367 2163 483 2240 βαίνων
497 2166 592 2235 τοῦδε,
608 2161 662 2225 τδν
676 2161 768 2244 πάρος
781 2165 893 2246 χρόνον

248 2267 395 2336 πλουτῶν,
410 2261 458 2326 ὑπ’
475 2263 544 2342 ἄτης
558 2265 658 2345 ζεῦγιά
669 2261 708 2328 δν
723 2263 875 2348 δσχόλλοι
889 2268 1000 2330 πεσόν.
1224 2288 1263 2331 10

248 2365 330 2432 ὅστις
344 2368 376 2430 δὲ
390 2370 502 2448 γαῦρον
517 2367 635 2448 σπίρμα
649 2369 790 2449 γενναῖόν
805 2369 831 2430 τ’
848 2367 927 2452 ἔχων

246 2469 317 2546 βίον
332 2470 476 2544 σπανίζει,
492 2472 532 2555 τῷ
546 2468 629 2551 γένει
642 2472 699 2548 μὲν
714 2471 839 2553 εὐτυχεῖ,

246 2572 334 2654 πενίη
348 2571 373 2633 δ’
388 2569 529 2634 ἐλάσσων
544 2573 637 2646 ἐστὶν,
654 2573 687 2635 ἑν
701 2570 725 2635 δ’
741 2574 912 2655 ἀλγύνεται,

247 2679 366 2754 φρενῶν
380 2675 408 2738 δ’
422 2672 469 2738 ὑπ’
487 2676 585 2741 αἰδοῦς
599 2672 659 2756 ἔργ’
677 2677 837 2739 ἀπωθεῖται
851 2680 964 2759 χεροῖν.

246 2777 263 2838 δ
278 2777 305 2839 δ’
319 2776 406 2840 οὐδὲν
421 2778 524 2851 οὐδεὶς,
542 2778 590 2841 διδ
604 2776 709 2844 τέλους
723 2779 756 2840 δὲ
771 2781 934 2860 δυστυχῶν,

245 2882 358 2965 τοσῷδε
372 2883 448 2963 νικᾷ·
472 2884 525 2943 τοῦ
535 2883 593 2961 γδρ
608 2880 641 2943 εδ
655 2881 821 2958 τητώμενος

244 2980 297 3044 οὐκ
311 2980 401 3055 οίδεν,
418 2983 465 3045 ἀεὶ
480 2986 633 3065 δυστυχῶν
650 2987 743 3047 κακῶς
757 2981 784 3043 τ’
800 2981 889 3063 ἔχων.

243 3085 334 3151 οθτως
348 3085 470 3163 ἄμεινον
483 3084 523 3163 μὴ
537 3087 734 3165 πεπειρᾶσθαι
750 3088 858 3146 καλῶν.

243 3187 339 3250 ἐκεῖνο
354 3189 412 3268 γὰρ
425 3186 598 3265 μεμνήμεθ’·
628 3187 690 3253 οἶος
703 3185 740 3265 ἣν
755 3187 827 3249 ποτέ

243 3289 333 3371 κάγῶ,
348 3287 411 3367 μετ’
427 3289 543 3371 ἀνδρῶν
556 3289 629 3369 ἡνίκ’
646 3288 789 3373 εὐτύχουν
799 3287 882 3352 ποτέ.
1215 3308 1256 3355 20

156 3387 193 3445 V.
207 3408 231 3447 1.
245 3408 272 3448 ι.
295 3388 429 3449 Stobaeus
444 3390 493 3467 96.
503 3410 532 3468 p.
543 3406 558 3466 5
563 3409 610 3466 31·
633 3392 671 3448 V.
683 3390 711 3448 8.
727 3390 823 3464 ὄλβου]
839 3389 955 3446 πλούτου
969 3390 1140 3450 Plutarchus
1148 3392 1255 3452 Moral-

155 3505 185 3563 p.
203 3488 312 3564 10690.
333 3488 370 3547 V.
386 3507 511 3562 11-14.
526 3487 660 3547 Stobaeus
676 3506 723 3564 94.
738 3506 768 3563 p.
779 3502 848 3562 517.

712 3602 724 3646 1

197 3687 216 3744 J
219 3689 305 3747 ustin.
321 3689 444 3766 Mal-tyr.
458 3688 495 3746 de
510 3689 660 3746 monarch.
676 3603 705 3765 ρ’.
722 3686 775 3744 108
787 3708 812 3745 α.
828 3689 873 3747 ed.
885 3688 988 3747 Colon.

275 3786 357 3857 Φησίν
367 3809 406 3844 τις
420 3782 484 3842 εἶναι
497 3785 552 3857 δῆτ’
564 3787 591 3841 ε’ν
604 3788 704 3861 οὐρανῷ
716 3784 805 3850 θεοῦςς

274 3885 321 3938 οὔκ
333 3884 400 3938 εἰσίν
412 3885 459 3938 οὐκ
471 3881 532 3940 ε’ίσ’.
553 3883 579 3939 εί
590 3906 629 3940 τις
642 3884 783 3956 ἀνθρώπων
796 3885 878 3956 λε’γει,

273 3981 309 4051 με)
323 3985 360 4056 τῷ
371 3985 473 4056 παλαιῷ
484 3985 570 4053 μῶρος
578 3978 613 4036 ῶν
625 3981 734 4054 χρήσθω
748 3983 832 4055 λόγῳ.

274 4079 413 4150 σκέψασθε
424 4076 447 4132 δ’
460 4078 535 4142 αὐτὸ,
549 4077 585 4147 μὴ
597 4076 636 4131 ’πὶ
650 4080 705 4133 τοῖς
718 4078 788 4147 ε’μοῖς
797 4079 887 4149 λόγοις
994 4128 995 4131 ,

273 4273 379 4328 κτείνειν
388 4295 417 4327 τε
427 4272 570 4328 πλείστους
583 4272 718 4342 κτημάτων
730 4270 753 4326 τ’
767 4271 931 4342 ἀποστερεῖν,
