2850 4898
587 273 740 340 No'rAE.
1151 280 1236 352 1009

134 444 299 510 fatendum
319 457 367 510 est
391 443 547 510 levissimo
560 460 674 511 ‘contra
698 450 871 515 Μεταλλεῖς
892 445 1045 528 fabulam,
1065 448 1106 513 ab
1128 450 1235 516 multis

135 546 315 612 Pherecrati
330 547 493 626 tributam,
509 571 600 613 usum
616 572 683 614 esse
695 562 891 636 argumento.
936 550 1020 614 Nam
1040 548 1066 614 si
1085 552 1235 640 Euripidi

135 663 264 736 propter
279 650 369 715 metri
384 649 521 738 aliquam
536 651 759 726 necessitatem,
775 651 800 715 si
815 650 909 716 modo
924 651 989 716 ulla
1000 652 1074 731 fuit,
1090 654 1176 722 εὐθὺς
1189 654 1233 719 di-

134 775 204 817 cere
214 752 304 818 licuit
313 767 422 819 contra
430 753 613 819 Atticorum
623 753 893 834 consuetudinem,
905 753 1016 842 quidni
1026 754 1109 820 idem
1120 756 1236 844 aequali

135 855 256 921 licuerit
269 870 371 944 poetae
394 856 594 922 Pherecrati?
618 856 704 921 Hinc
724 855 799 920 mihi
822 869 896 921 nata
917 857 1052 945 suspicio
1073 873 1131 937 est,
1151 861 1236 929 εὐθὺς

135 975 206 1046 post
221 959 438 1024 Eratosthenis
452 959 580 1024 demum
596 972 737 1046 tempora
751 959 783 1023 in
792 959 956 1047 Euripidis
967 962 1156 1049 exemplaria
1169 986 1236 1029 esse

134 1059 268 1140 illatum,
284 1075 407 1148 poetam
423 1076 528 1126 autem
544 1061 599 1139 τὴν
612 1061 683 1125 εὐθὺ
691 1060 821 1143 Ἀργους
835 1061 1001 1150 scripsisse.
1047 1065 1235 1151 Cujusmodi

135 1163 256 1229 hiatum
270 1164 355 1230 omni
370 1164 502 1230 liberum
516 1187 583 1229 esse
597 1164 765 1229 offensione
783 1177 815 1228 et
834 1163 915 1230 ratio
937 1165 1028 1231 docet
1047 1180 1079 1232 et
1092 1169 1237 1256 exempla

135 1265 291 1331 simillima
304 1267 499 1332 confirmant.
546 1268 598 1330 Ita
612 1267 666 1347 ἡδὺ
677 1265 763 1353 apud
779 1266 995 1354 Antiphanem
1010 1269 1159 1334 Athenaei
1173 1271 1234 1336 VI.

135 1392 167 1456 p.
185 1371 246 1455 258
262 1393 290 1434 e.

308 1472 365 1555 οὐχ
378 1471 451 1551 ἡδύς
476 1472 542 1552 ἐμοὶ
555 1474 612 1550 μὲν
624 1474 700 1551 μετὰ
713 1472 747 1536 τὸ
762 1477 903 1537 πλουτεῖν
917 1474 1064 1557 δεύτερον.

137 1573 192 1638 ubi
215 1575 381 1652 Musurus‚
404 1586 439 1638 ut
459 1573 631 1661 exspectari
650 1587 782 1660 poterat,
797 1575 852 1655 ἡδί
866 1572 894 1656 γ’
910 1574 1019 1654 edidit,
1034 1578 1237 1664 quemadmo-

136 1676 214 1741 dum
228 1675 323 1755 idem,
338 1699 438 1763 quum
453 1676 485 1740 iu
498 1675 641 1762 Ephippi
656 1699 748 1741 versu
766 1678 866 1741 VIII.
878 1699 910 1765 p.
922 1695 985 1762 359
999 1677 1065 1760 1νῆ
1080 1680 1122 1746 δύ’
1137 1681 1169 1746 in
1183 1683 1238 1763 ἡδὺ

136 1778 286 1844 coaluisse
300 1800 362 1843 non
377 1777 656 1853 animadvertisset,
671 1780 726 1858 ἡδύ
740 1778 768 1862 γ’
783 1779 992 1866 interpolavit.
1038 1783 1083 1846 Et
1093 1782 1150 1848 diu
1164 1800 1238 1850 ante

137 1880 354 1967 Antiphonem
378 1879 584 1945 Archilochus
608 1880 694 1967 apud
721 1881 882 1946 Stobaeum
910 1883 987 1957 CX,
1007 1903 1056 1948 10.
1078 1884 1139 1952 vol.
1164 1887 1236 1950 III.

137 2007 170 2072 p.
185 2005 260 2066 404.

308 2084 420 2170 -(ἣν)
437 2086 512 2168 σφὶν
527 2086 682 2167 θαλάσσης
697 2087 826 2171 ἠχίεντο
840 2090 953 2168 κύματα

138 2290 191 2370 ὀξὺ
205 2287 414 2378 Empedocles
429 2312 457 2352 v.
474 2289 548 2374 158.
563 2289 615 2354 ed.
633 2291 735 2355 Sturz.

310 2393 362 2472 ὀξὺ
376 2389 401 2454 δ’
418 2390 463 2456 ἐπ’
478 2391 531 2470 ὀξὺ
545 2392 612 2472 ἔβη,
629 2392 739 2473 θερμὸν
753 2391 777 2457 δ’
795 2396 955 2477 ἐποχειίετο
971 2398 1077 2481 θερμῷ.

539 2594 826 2658 ALCESTIDIS

139 2715 179 2777 V.
195 2731 267 2798 103.
283 2712 382 2775 Hunc
402 2711 504 2776 locum
524 2710 621 2776 editio
636 2710 755 2776 Aldina
774 2711 820 2775 ita
840 2709 968 2774 exhibet
988 2709 1021 2774 in
1040 2710 1167 2774 miseros
1188 2732 1237 2773 re·

137 2817 265 2883 dactum
279 2827 454 2902 anapaestos

310 2919 401 3001 χαίτο
414 2915 439 2981 τ’
454 2917 533 2983 οὔτις
547 2916 596 2979 ἐπὶ
610 2915 742 2995 πρόθυρα
755 2919 856 2993 roual-

311 3045 353 3093 ος,
370 3017 389 3082 ἃ
405 3019 440 3097 δὴ
455 3019 566 3083 νεκύων
577 3017 701 3081 πένθεσι
715 3023 814 3081 πιπνεῖ

311 3122 346 3186 οὐ
360 3125 466 3185 δονπεῖ
477 3126 602 3185 νεολαῖα
615 3125 773 3201 γυναικῶν.

139 3227 170 3290 in
186 3225 303 3312 quibus
317 3246 379 3287 nou
394 3221 560 3286 difficulter
573 3220 755 3286 correctoris
774 3242 902 3284 manum
923 3242 1084 3308 agnoscas,
1098 3222 1153 3309 qui
1167 3246 1240 3311 quae

139 3328 171 3392 in
186 3326 295 3415 primis
309 3325 411 3391 verbis
425 3322 609 3411 depravavit
622 3345 707 3387 nunc
728 3345 766 3386 ex
786 3322 874 3387 libris
888 3323 1053 3389 emendata
1066 3325 1237 3391 habemus:

140 3430 193 3496 sed
209 3429 375 3494 dubitatur
389 3427 429 3491 de
443 3427 618 3513 postremis,
633 3424 795 3510 inquibus
809 3424 868 3489 hoc
888 3424 1016 3512 quidem
1035 3443 1179 3513 apertum
1194 3442 1241 3494 est

139 3533 243 3598 πένθει
258 3555 297 3596 ex
312 3530 472 3609 Vaticano,
488 3527 663 3593 Havniensi
678 3540 710 3591 et
724 3526 792 3592 aliis
805 3550 871 3592 esse
891 3529 1131 3594 restituendum.
1176 3531 1242 3593 De-

139 3634 213 3699 inde
227 3633 297 3697 lihri
314 3631 419 3718 scripti
438 3630 611 3718 genuinum
634 3629 777 3717 praebent
800 3629 939 3694 ordinem
954 3630 1121 3696 verborum
1137 3631 1241 3696 πένθει

140 3739 236 3801 πίτνει
251 3736 318 3800 οὐδὲ
334 3736 458 3799 νεολαία
477 3736 483 3820 Ι
503 3739 607 3798 δουπεῖ
618 3733 685 3816 χεὶρ
699 3738 857 3814 γυναικῶν.
903 3733 984 3810 Quae
1001 3755 1100 3819 quum
1116 3756 1178 3797 non
1195 3756 1242 3798 sa-

140 3838 180 3902 tis
194 3849 370 3924 congruant
386 3836 488 3900 verbis
500 3836 531 3900 in
544 3835 672 3923 stropha
683 3834 802 3921 positis,
814 3836 842 3898 εί
855 3836 912 3915 γὰρ
925 3837 1101 3914 μετοκύμιοι
1115 3837 1196 3914 ἆται,
1216 3837 1224 3922 Ι

140 3938 291 4014 unctor,
309 3941 442 4023 φανείης.
459 3938 618 4024 aptissima
637 3937 711 4001 huic
731 3935 799 4001 loco
813 3935 967 4022 particula
980 3938 1048 4001 οὐδὲ
1063 3937 1243 4024 posthabita

140 4056 187 4108 est
201 4042 331 4107 Aldinae
344 4039 525 4106 correctioni
540 4039 595 4103 orl:
619 4039 706 4126 quod
717 4062 787 4103 mea
801 4038 953 4103 sententia
964 4061 1024 4102 non
1040 4039 1152 4106 debuit
1162 4043 1240 4109 lieri.

142 4146 225 4210 Nam
241 4147 365 4211 νεολαία
384 4142 490 4231 potius
511 4141 708 4206 correctionis
729 4141 863 4229 indiget,
878 4141 969 4228 cujus
984 4140 1126 4206 vocabuli
1149 4143 1241 4210 aliam

141 4261 255 4335 praeter
271 4247 414 4311 usitatam
428 4242 581 4309 exstitisse
595 4242 727 4308 formam
742 4266 782 4307 ex
799 4242 905 4307 Photii
920 4241 1023 4307 verbis
1037 4242 1242 4312 demonstrari
