2850 4898
505 307 850 370 ΑΠΟΣΠΑΣΜΑΤΙΑ.

212 477 294 542 ὅστις
308 476 341 538 δὲ
355 480 501 539 πλεῖστον
516 475 625 553 μισθδν
641 478 683 544 είς
696 481 798 560 χεῖρας
812 480 919 558 λαβὼν

214 577 302 644 κακὸς
312 576 443 659 γένηται,
459 581 534 661 τῷδε
548 581 709 661 συγγνώμη
723 581 780 658 μέν
794 578 839 652 οδ,

212 684 306 746 πλείω
321 683 353 746 δέ
367 680 477 761 μισθὸν
491 683 624 760 μείζονος
637 684 748 762 τόλμης
763 682 842 764 έχων

213 785 267 848 τὸν
281 790 339 848 τῶν
353 785 508 866 λεγόντων
520 786 596 867 ῥᾷον
611 783 650 849 ἀν
664 784 752 867 φέροι
766 785 879 866 ψόγον.

663 946 686 1004 4

168 1012 302 1072 Stobaeus
317 1014 345 1070 8.
369 1032 398 1089 p.
414 1014 465 1089 96.

215 1110 310 1172 Δόλοι
325 1109 358 1170 δέ
373 1108 420 1171 καὶ
435 1112 575 1172 σκοτεινά
585 1108 783 1192 μηχανήματα

212 1210 315 1294 χρείας
329 1208 475 1291 ἀνάνδρου
490 1209 622 1295 φάρμαχ’
640 1213 757 1293 εὕρηται
770 1218 899 1294 βροτοῖς.

168 1439 302 1498 Stobaeus
317 1439 364 1513 38.
374 1457 404 1514 p.
417 1455 486 1497 οπο.
665 1366 685 1433 ⁵

212 1538 382 1598 Φθονοΰσιν
397 1532 480 1596 αὐτοὶ
494 1533 629 1614 χείρονες
642 1533 819 1613 πεφυκότες·

214 1638 255 1703 εἰς
269 1637 420 1715 τάπίσημα
434 1636 461 1698 δ’
477 1636 494 1697 ό
509 1635 621 1717 φθόνος
635 1638 730 1714 πηδᾶν
745 1641 840 1717 φιλεῖ.

664 1791 684 1851 6

168 1875 302 1934 Stobaeus
317 1874 364 1949 38.
380 1893 409 1951 p.
422 1891 490 1932 οπο.

209 1969 290 2049 Ἤδη
305 1972 362 2051 γὰρ
378 1968 458 2033 εἶδον
474 1970 521 2033 καὶ
536 1972 615 2050 δίκης
628 1971 820 2051 παραστάτας

215 2072 341 2140 ἐσθλοὺς
354 2075 472 2158 πονηρῷ
486 2076 526 2157 τῷ
541 2074 644 2159 φθόνῳ
660 2073 844 2153 νικωμένους,

170 2304 304 2363 Stobaeus
319 2321 386 2375 104.
401 2322 430 2379 p.
446 2302 516 2379 565.
666 2234 683 2297 7

215 2425 244 2463 α.
261 2397 339 2478 Τιμή
354 2398 386 2460 σ’
402 2398 516 2480 ἐπαίρει
530 2404 589 2462 τῶν
603 2397 697 2464 πέλας
710 2402 829 2477 μᾶλλον
843 2404 976 2480 φρονεῖν.

214 2507 247 2580 β.
265 2500 421 2580 θνῄσκοιμ’
436 2501 484 2564 ἀν·
501 2501 537 2565 οὗ
547 2504 605 2582 γάρ
617 2502 700 2580 ἀξιον
714 2503 858 2566 λεύσσειν
873 2502 951 2584 φάος

271 2602 375 2669 κακοὺς
388 2603 519 2683 δρῶντας
534 2604 652 2671 ἐκδίκως
665 2603 854 2684 τιμωμένους.

170 2833 279 2893 Stobaei
291 2830 426 2908 Append.
443 2831 519 2908 apud
531 2746 749 2892 Gaisfordssvol.
762 2834 816 2894 IV.
837 2854 867 2911 p.
882 2853 929 2894 20.

216 2928 309 3010 Ἀνὴρ
325 2930 357 2990 δὲ
372 2927 502 3009 χρηστὸς
515 2927 649 3010 χρηστὸν
665 2929 699 2991 οὐ
712 2934 798 3008 μισεῖ
807 2954 890 3003 ποτε,

217 3035 294 3117 κακῷ
308 3030 394 3095 κακός
408 3053 441 3092 τε
455 3029 634 3109 συντέτηκεν
647 3031 774 3110 ἡδοναῖς·

216 3137 304 3215 φιλεῖ
315 3134 348 3195 δὲ
362 3130 555 3212 θοὺμόφυλον
570 3132 742 3214 ἀνθρώπους
756 3133 851 3214 ἄγειν.

129 3264 226 3321 Versu
242 3280 267 3319 2.
282 3259 492 3319 adorationem
507 3279 590 3318 suam
605 3261 827 3319 accommodato
837 3262 930 3320 utitur
939 3263 1112 3322 Aristoteles
1126 3263 1227 3342 Magn.

129 3359 236 3417 Moral.
252 3358 292 3424 11,
306 3375 352 3414 11.
368 3356 464 3414 Ethic.
480 3356 603 3415 Eudem.
615 3357 685 3424 VII,
701 3375 728 3416 2.

172 3575 305 3634 Stobaeus
319 3589 368 3649 52.
383 3593 413 3650 p.
430 3574 500 3649 360.
669 3509 689 3571 9

217 3669 312 3747 Νείκη
326 3669 384 3749 γὰρ
399 3668 514 3749 ἀνδρῶν
528 3668 621 3749 φόνια
637 3668 685 3731 καὶ
698 3666 797 3751 μάχας
810 3672 908 3750 χερῶν

217 3771 334 3833 δόλοισι
349 3767 497 3833 κλέπτειν·
527 3773 576 3848 τῆς
591 3767 614 3833 δ’
631 3769 772 3849 ἀληθείας
786 3769 853 3836 ὁδὸς

217 3874 320 3955 φαύλη
334 3873 379 3939 τίς
393 3873 467 3946 ἐστι,
483 3872 630 3954 ψεύδεσιν
641 3873 669 3934 δ’
678 3869 772 3952 Ἀρης
786 3873 884 3953 φίλος.

171 4105 306 4165 Stobaeus
320 4102 438 4161 ibidem.
653 4032 692 4076 m

217 4198 284 4264 Ἀεὶ
297 4202 356 4281 γὰρ
371 4200 464 4280 ἀνδρα
478 4196 584 4261 σκαιὸν
600 4195 725 4280 ἰσχυρὸν
739 4196 831 4277 φύσει

217 4302 317 4382 ἧσσον
329 4300 446 4367 δέδοικα
456 4301 619 4368 τάσθενοῦς
633 4324 666 4366 τε
682 4299 730 4363 καὶ
744 4301 854 4380 σοφοῦ.
