2850 4898
505 301 853 394 Αποςπκςνιλτιι.
1167 302 1231 371 9³5

173 624 275 703 Steph.
300 626 371 703 ByZ.
391 647 419 684 v.
445 628 554 703 Ἄργος.
573 544 741 701 λέγεταίςκαὶ
758 629 1078 704 Ἀργδλοα-Εὕριπίδης
1101 632 1128 686 έν
1150 635 1229 686 Πλει-

132 723 218 778 σθένει

216 815 297 899 Ἐγὼ
312 820 345 881 δὲ
361 819 533 900 Σαρδιανὸς,
550 819 585 883 αὖ
600 822 657 900 γὰρ
671 818 765 885 οὐκέτ’
780 817 939 902 Ἀργόλας.

670 971 689 1035 6

171 1071 330 1130 Athenaeus
339 1073 406 1130 XV.
420 1093 449 1149 p.
464 1072 524 1131 668
539 1074 567 1131 b.
596 1080 653 1130 Τῶν
674 1076 805 1148 ε’ρωμένων
826 1077 975 1146 ε’μέμνηντο,
991 1075 1112 1148 ἀφιέντες
1125 1075 1165 1131 ἐπ’
1180 1075 1229 1131 αθ-

130 1173 185 1226 wie
206 1171 267 1228 τοὺς
288 1173 444 1244 λεγομένους
465 1173 624 1236 κοσσάβους.
646 1172 687 1226 διδ
709 1173 750 1226 καί
763 1174 899 1243 Σοφοκλῆς
914 1172 940 1227 έν
954 1169 1232 1247 ἸνάχμἈφροδισίαν

130 1266 213 1340 ε’ίρηκε
223 1268 270 1338 τὴν
282 1270 465 1342 λάταγα-καί
474 1267 615 1341 Εὐριπίδης
628 1269 655 1323 ε’ν
669 1270 823 1324 Πλεισθένει

217 1363 319 1429 Πολὺς
333 1365 365 1427 δὲ
378 1362 541 1441 κοσσάβων
557 1363 688 1444 ἀραγμὸς

217 1467 363 1546 Κύπριδος
377 1465 533 1551 προσῳδὸν

216 1566 287 1648 ἀχεῖ
297 1566 389 1646 μίλος
404 1568 438 1630 ἔν
453 1564 597 1645 δόμοισιν.

130 1695 304 1772 Hesychius,
316 1700 468 1763 Κότταβοςι
486 1698 577 1767 λάταξ.
589 1695 729 1769 Εὐριπίδης
739 1699 903 1755 Πλεισθένει.
919 1697 1088 1755 Eustathius
1096 1717 1126 1773 p.
1142 1715 1152 1753 1
1164 1711 1229 1770 170,

130 1809 147 1868 5
151 1811 178 1867 3.
212 1796 356 1859 Κότταβον,
372 1793 402 1848 δν
415 1796 430 1847 δ
443 1795 638 1867 φιλοσίγματος
651 1795 792 1868 Εὐριπίδης
806 1797 833 1851 έν
846 1796 909 1851 δυσί
923 1818 963 1851 σσ
975 1798 1081 1868 γράφει,
1103 1805 1134 1852 et
1147 1794 1184 1852 ad
1195 1794 1230 1851 Il.

128 1912 154 1957 v,
170 1905 219 1964 57.
240 1892 335 1964 χρῆσις
348 1891 377 1944 δὲ
390 1891 527 1954 κοσσάβου
540 1890 568 1944 έν
580 1893 617 1964 τῷ
632 1898 651 1921 “
663 1891 752 1948 Πολδς
765 1893 905 1959 κοσσάβων
914 1891 1055 1966 άρσγμίς.”

170 2128 295 2187 Bekkeri
309 2129 421 2188 Anecd.
435 2149 464 2205 p.
480 2142 543 2201 107,
562 2144 606 2182 10.
637 2041 768 2201 Μθμφονι
791 2130 837 2199 τὴν
850 2132 959 2202 μέμψιν.
989 2130 1130 2204 Εὐριπίδης
1149 2136 1228 2188 Πλει-

129 2227 229 2283 σθένει.

431 2507 649 2567 ΠΟΛΤΙΔΟΣ
673 2507 703 2565 H
727 2505 925 2566 ΓΛΑΎΚΟΣ.

172 2641 307 2699 AElianus
321 2641 360 2699 N.
370 2642 407 2698 A.
422 2640 459 2707 V,
472 2658 498 2698 2.
516 2640 620 2696 Ἔοικεν
633 2642 648 2694 ό
661 2640 800 2713 Εὐριπίδης
813 2638 995 2705 ὄβασανίστος
1007 2643 1170 2711 πεποιηκέναι
1183 2644 1229 2698 τὸν

128 2739 260 2795 Πολυίδου
283 2741 381 2811 δρῶντα
403 2735 532 2815 (γλαῦκα)
550 2740 591 2793 καὶ
612 2738 641 2808 ἐξ
661 2736 739 2807 αὐτῆς
756 2739 945 2812 πεκμηράμενον
958 2736 998 2793 ὅτι
1012 2739 1116 2812 εὑρήσει
1129 2741 1171 2794 καί
1183 2742 1229 2795 τδν

131 2841 246 2892 Γλαῦκον
258 2838 305 2891 τὸν
318 2838 445 2891 τεθνεῶτα
458 2840 506 2890 τοῦ
520 2836 593 2890 Μίνω
607 2837 653 2889 τὸν
666 2837 729 2889 υίόν.
752 2834 850 2892 Schol.
861 2832 980 2891 Aristid.
991 2835 1050 2891 vol.
1065 2835 1104 2892 ΙΙ.
1119 2855 1147 2911 p.
1158 2853 1227 2911 307.

128 2933 173 2991 ed.
188 2934 205 2989 J
209 2933 275 2990 ebb.
297 2936 423 3007 Τραγικης
435 2937 516 3000 βοόςι
536 2931 681 2988 Πολύειδος
694 2934 829 3002 πεποίηται
842 2933 927 3005 δρᾶμα
940 2932 1076 3006 Εὐριπίδη,
1091 2934 1119 2987 ἐν
1133 2927 1229 3008 ηἷβοῦν

127 3031 274 3103 τρίχραμον
296 3034 365 3085 ποιεῖ
385 3031 511 3104 εὑρῆσθαί
534 3052 599 3099 τισι,
618 3031 679 3102 περὶ
699 3027 730 3084 οὗ
753 3033 859 3103 γέγονεν
877 3028 966 3087 αὐτοῖς
984 3030 1129 3101 φιλονεικία
1148 3034 1227 3095 βασι-

128 3129 209 3183 λείας.

168 3324 268 3383 Schol.
279 3325 310 3382 in
326 3326 465 3404 Hermog.
481 3345 509 3401 p.
525 3324 595 3397 416.
612 3324 657 3382 ed.
672 3257 810 3383 laurent.
827 3324 866 3382 ΙΙ.
881 3345 911 3401 p.
928 3342 943 3381 2
947 3338 995 3399 54.
1007 3325 1052 3383 ed.
1067 3326 1177 3386 Sturm.
1191 3331 1227 3384 Τὸ

128 3421 267 3496 Εὐριπίδου
281 3425 309 3478 έν
321 3421 459 3500 Πολυΐδφε
485 3420 567 3480 οὗτος
580 3424 673 3494 έχουσι
685 3426 718 3478 τά
731 3427 778 3478 τοῦ
791 3420 925 3479 Πολυΐδου
938 3423 1039 3497 ῥήματα

208 3516 270 3581 'Ea
284 3517 331 3580 ἔα.

213 3622 272 3699 ὁρῶ
285 3617 313 3700 γ’
331 3617 375 3682 ἔπ’
391 3620 492 3686 ἀκταῖς
506 3620 620 3700 νομάδα
636 3624 861 3703 κνματοφθόραν

212 3723 373 3785 δλιαίετον·
396 3720 449 3784 τὸν
463 3728 555 3787 παῖδα
569 3725 707 3807 χερσείει
717 3725 817 3805 μόρος.

214 3827 240 3888 εί
253 3826 310 3904 μὲν
324 3827 382 3906 γὰρ
397 3826 429 3888 ἐκ
442 3829 496 3907 γῆς
511 3828 553 3892 είς
567 3825 727 3890 θάλασσαν
741 3826 849 3890 ἔπτατο

213 3928 230 3989 δ
247 3924 346 4005 κύματ’
361 3929 449 3990 οίκῶν
464 3928 554 4009 ὅρνις,
570 3926 755 4009 ἡρμήνευσεν
769 3928 807 3992 δν

213 4028 265 4092 τὸν
280 4027 357 4093 παῖδ’
374 4030 408 4092 ἐν
421 4031 522 4112 ὑγροῖς
537 4032 662 4110 κύμασιν
677 4030 858 4109 τεθνηκέναι·

213 4134 266 4194 νῦν
281 4128 305 4193 δ’
323 4132 451 4195 ἔκλιπῶν
465 4131 522 4212 ἤθη
536 4157 568 4195 τε
585 4133 631 4196 καί
646 4129 738 4212 νόμον
752 4134 822 4213 βίον

213 4233 289 4314 δεῦρ’
304 4231 413 4296 ἔπτατ’·
437 4235 542 4298 οὔκουν
558 4231 621 4296 ἔσθ’
638 4235 654 4295 ὁ
669 4240 737 4300 παῖς
749 4235 782 4297 ἐν
797 4237 945 4312 οἴδμασιν.

613 4373 632 4410 ν
648 4354 666 4410 h
684 4372 699 4428 3
