2850 4898
496 289 839 351 ΑΠΟΣΠΑΣΜΑΤΙΑ.

201 453 296 533 μύτην
309 456 464 518 πονοῦσιν·
488 456 506 535 ἡ
521 457 553 518 δὲ
568 460 608 541 τῷ
622 458 721 538 χρεὼν
734 459 824 520 πόσει

202 555 335 634 μένουσα
348 557 572 624 κάσπούδαστος
586 558 679 636 ἦλθεν
692 562 733 625 είς
748 561 862 638 δόμους.

651 677 689 740 16

158 760 292 819 Stobaeus
305 760 424 819 ibidem.

197 854 292 919 Ὅσοι
306 860 434 938 γαμοῦσι
449 854 473 920 δ’
488 854 507 935 ἢ
522 856 605 938 γένει
620 859 775 939 κρείσσους
789 858 910 939 γάμους,

202 955 221 1038 ἢ
235 962 336 1022 πολλὰ
350 958 486 1041 χρήματ’,
502 960 555 1024 ούκ
571 961 745 1024 ἐπίστανται
760 967 879 1041 γαμεῖν.

203 1064 240 1125 τδ
254 1065 305 1139 τῆς
319 1062 456 1142 γυναικὸς
473 1065 531 1144 γὰρ
546 1060 695 1143 κρατοῦντ’
713 1064 746 1125 ἓν
761 1065 894 1142 δύμασιν

201 1166 307 1226 δουλοῖ
318 1162 371 1226 τδν
386 1164 488 1245 ἄνδρα,
506 1163 616 1228 κούκέτ’
632 1163 694 1228 ἔστ’
712 1166 878 1247 ἐλεύθερος.

202 1269 330 1330 πλοῦτος
345 1262 369 1328 δ’
386 1266 511 1332 ἑπακτδς
527 1269 559 1329 ἐκ
573 1267 749 1347 γυναικείων
763 1267 867 1347 γάμων

202 1368 354 1447 ἆνόνητος·
379 1368 410 1429 οῖ
425 1371 482 1449 γδρ
496 1369 647 1434 διαλύσεις
661 1369 696 1431 ού
709 1366 817 1451 ῥᾴδιαι.

646 1506 659 1548 1

157 1570 290 1628 Stobaeus
307 1588 353 1646 72.
367 1591 396 1647 p.
411 1588 481 1645 43¹·
664 1503 682 1567 7

203 1666 342 1746 Μετρίυν
353 1665 495 1748 λέκτρων,
511 1668 637 1746 μετρίων
652 1669 684 1728 δὲ
699 1667 802 1748 γάμων

201 1771 277 1846 μετδ
291 1769 488 1849 σωφροσύνης

204 1874 310 1951 κῦρσαι
324 1877 476 1951 θνητοῖσιν
490 1872 623 1953 ἄριστον.

159 2059 292 2117 Stobaeus
306 2059 356 2134 67.
373 2081 403 2137 p.
418 2078 489 2134 424·
650 1973 688 2036 18

198 2151 367 2237 Ἀλγιοτύν
382 2158 447 2220 ἐστι
462 2160 537 2235 θῆλυ
551 2158 677 2235 μισηθὲν
691 2156 788 2238 γένος·

203 2260 234 2320 αῖ
248 2262 306 2340 γδρ
321 2265 489 2340 σφαλεῖσαι
504 2263 603 2322 ταῖσιν
616 2258 669 2322 ούκ
685 2259 890 2340 ἐσφαλμένοις

203 2359 310 2443 αἶσχος
321 2362 446 2442 γυναιξὶ,
464 2362 512 2424 καῖ
527 2361 714 2425 κεκοίνωνται
725 2363 827 2443 ψόγον

202 2467 266 2528 ταῖς
280 2463 314 2526 ού
329 2469 465 2527 κακαῖσιν
479 2466 511 2526 αἱ
525 2465 619 2527 κακαί·
643 2465 681 2527 τὰ
695 2462 719 2526 δ’
737 2466 778 2530 είς
792 2462 904 2545 γάμους

202 2564 289 2628 οὐδὲν
302 2568 440 2629 δοκοῖσιν
453 2566 536 2645 ὑγιὲς
549 2564 693 2645 ἀνδράσιν
707 2570 841 2646 φρονεῖν.

651 2704 661 2744 1

157 2767 292 2827 Stobaeus
307 2784 355 2843 71.
374 2790 404 2846 p.
416 2788 485 2845 432.
670 2706 688 2764 9

203 2863 293 2942 Πλὴν
307 2867 358 2943 τῆς
371 2866 513 2942 τεκούσης
528 2867 603 2940 θῆλυ
617 2867 678 2927 πᾶν
692 2869 769 2942 μισῶ
783 2862 882 2943 γένος.

647 3001 688 3048 20

157 3066 292 3126 waaeus
309 3085 357 3143 72.
372 3088 401 3145 p.
417 3085 486 3142 437.

201 3164 338 3227 Τίσασθε
351 3163 446 3242 τήνδε.
471 3167 519 3229 καὶ
534 3167 592 3245 γδρ
608 3167 746 3227 ἐντεῦθεν
761 3169 850 3226 νοσεῖ

202 3269 240 3328 τδ
253 3271 312 3329 τῶν
327 3272 483 3347 γυναικῶν·
508 3268 537 3330 οῖ
557 3267 613 3344 μὲν
626 3262 645 3344 ἢ
659 3266 773 3328 παίδων
788 3263 856 3347 πέρι

202 3365 221 3445 ἢ
236 3370 413 3449 συγγενείας
427 3367 521 3432 οὕνεκ’
537 3369 590 3432 οὐκ
605 3370 768 3432 ἆπιύλεσαν

203 3470 294 3548 κακὴν
308 3472 466 3550 λαβόντες·
491 3470 556 3535 εἶτα
569 3469 593 3534 δ’
610 3473 686 3536 οὕτω
702 3471 821 3534 τᾶδικον

202 3577 331 3638 πολλαῖς
341 3574 503 3656 ὑπερρύηκε
518 3574 566 3636 καὶ
580 3578 674 3657 χωρεῖ
685 3574 798 3654 πρόσω,

203 3671 273 3735 ὥστ’
290 3675 422 3754 ἐξίτηλος
436 3677 525 3757 ἁρετὴ
543 3677 727 3740 καθίσταται.

157 3877 292 3936 Stobaeus
307 3898 356 3954 30.
368 3900 397 3956 p.
417 3900 482 3938 210.
649 3814 685 3859 Ἠ

202 3971 312 4055 Ἀργδς
323 3977 445 4055 πολίτης
460 3982 555 4043 κεῖνος
570 3980 608 4044 ὡς
623 3978 710 4043 κακός
724 3976 751 4057 γ’
769 3977 853 4057 ἀνήρ.

649 4111 689 4157 22

158 4179 291 4237 Stobaeus
306 4196 355 4255 50.
369 4200 397 4256 p.
414 4196 482 4255 357.

207 4279 321 4353 Παπαῖ,
339 4275 404 4341 νέος
420 4278 467 4339 καὶ
482 4275 584 4342 σκαιδς
597 4277 659 4342 οῖός
674 4275 734 4339 ἐστ’
752 4276 834 4357 ἁνήρ.

626 4399 645 4437 ο
658 4399 678 4459 g
693 4399 709 4439 α
