2850 4898
503 306 849 368 ΑΠΟΣΠΑΣΜΑΤΙΑ.

529 556 819 618 ΑΛΕΞΑΝΔΡΟΣ.

672 684 684 727 1

172 771 305 832 Stobaeus
323 788 389 845 123.
401 769 509 846 p.616.

217 870 341 931 Παλαιδ
353 871 463 933 καινοῖς
478 865 611 946 δακρύοις
625 862 660 928 ού
674 863 732 947 χρὴ
747 863 874 928 στένειν.

669 999 688 1044 2

175 1073 310 1132 Stobaeus
329 1088 394 1145 113.
409 1090 439 1146 p.
449 1070 519 1146 584.

219 1193 247 1231 α.
272 1165 347 1231 Οῖδ’·
378 1168 460 1229 ἀλλὰ
475 1165 617 1245 κάμπτειν
631 1168 672 1252 τῷ
685 1167 784 1251 χρόνῳ
799 1167 895 1233 λύπας
908 1169 1016 1249 χρεών.

218 1277 252 1349 β.
278 1268 346 1352 χρή
376 1271 463 1331 τοῦτο
477 1266 501 1330 δ’
518 1270 613 1331 εἰπεῖν
629 1269 706 1351 ῥᾷον
719 1265 738 1347 ἢ
753 1268 858 1349 φέρειν
869 1269 955 1333 κακά.

175 1473 310 1533 Stoboeus
330 1490 394 1547 103.
410 1492 441 1548 p.
455 1472 522 1547 562.
668 1405 687 1469 3

215 1568 308 1634 Ὠοτ’
324 1570 359 1635 ού
373 1593 416 1636 τις
427 1567 542 1650 ἀνδρῶν
558 1570 599 1634 εἰς
613 1564 719 1632 ἅπαντ’
736 1569 912 1647 εὐδαιμονεῖ.

177 1775 311 1836 Stoboeus
329 1770 394 1831 106.
408 1795 437 1851 p.
449 1774 516 1850 568.
669 1708 691 1766 4

220 1868 349 1932 Πάντων
364 1866 398 1931 τδ
410 1871 522 1931 θανεῖν·
548 1866 582 1930 τδ
597 1869 629 1930 δὲ
645 1867 745 1931 κοινδν
759 1869 833 1949 ἄχος

222 1971 346 2051 μετρίως
360 1968 468 2052 ἀλγεῖν
483 1970 579 2050 σοφία
593 1973 718 2053 μελετᾷ.

180 2175 315 2234 Stobaeus
330 2174 379 2249 38.
392 2195 421 2252 p.
440 2192 506 2232 222.
675 2105 695 2172 5

221 2273 321 2350 Οίμοι·
349 2274 494 2349 θανοῦμαι
508 2272 556 2333 διδ
571 2269 606 2332 τδ
621 2267 770 2353 χρήσιμον
782 2276 912 2351 φρενῶν,

225 2371 242 2434 δ
257 2377 354 2436 τοῖσιν
369 2373 473 2439 ἄλλοις
488 2372 623 2455 γίγνεται
638 2373 750 2453 σωτηρί
770 2418 777 2434 .

182 2578 315 2637 Stobaeus
327 2581 377 2638 60.
393 2600 421 2656 p.
434 2579 502 2654 383.
685 2492 704 2550 6

227 2675 329 2757 Σοφδς
341 2676 398 2755 μὲν
412 2676 466 2738 οὖν
481 2674 518 2752 εἴ,
533 2672 654 2755 Πρίαμ’,
670 2676 747 2755 ὅμως
761 2675 795 2739 δέ
809 2701 858 2740 σοι
872 2676 962 2758 λέγω·

229 2779 336 2841 δούλου
352 2781 534 2860 φρονοῦντος
547 2781 667 2855 μᾶλλον
681 2776 699 2856 ἢ
714 2783 839 2860 φρονεῖν
853 2780 951 2861 χρεὼν

229 2879 281 2943 οὐκ
297 2880 380 2943 ἔστιν
394 2881 487 2962 ἄχθος
500 2883 600 2956 μεῖζον
615 2879 683 2943 οὐδὲ
698 2882 832 2960 δείμασιν

231 2983 330 3058 κτῆσις
345 2981 452 3044 κακίων
466 2978 525 3043 οὐδ’
542 2980 783 3062 ἀνωφελεστίρα.

693 3121 709 3185 7

188 3186 322 3247 Stobaeus
335 3206 365 3262 4.
381 3208 410 3264 p.
427 3204 475 3264 53.

226 3283 323 3348 Ὅθεν
337 3285 370 3346 δὲ
386 3289 471 3348 νικᾶν
484 3290 560 3368 χρῆν
575 3312 622 3359 σε,
638 3290 802 3367 δυστυχεῖς,
819 3286 903 3364 ἅναξ,

231 3388 302 3448 ὅθεν
316 3383 350 3447 δί
364 3383 392 3446 σ’
409 3386 444 3450 οὗ
457 3391 545 3470 χρῆν,
556 3388 697 3471 εὐτυχεῖς·
722 3388 857 3450 δούλοισι
871 3392 929 3469 γὰρ

230 3492 291 3552 τοῖς
305 3491 407 3550 σοῖσιν
419 3489 508 3566 ἥκεις,
524 3494 586 3556 τοῖς
600 3487 623 3552 δ’
640 3487 844 3570 ἑλενθίροισιν
859 3491 903 3554 οὔ.

188 3693 321 3753 Stobaeus
335 3695 385 3754 60.
400 3714 429 3772 p.
443 3695 512 3771 384.

619 3794 754 3860 Δούλονς
768 3795 826 3876 γὰρ
841 3793 876 3857 ού

234 3890 328 3956 καλδν
342 3897 493 3957 πεπᾶσθαι
509 3895 684 3973 κρείσσονας
698 3900 757 3958 τῶν
772 3899 934 3958 δεσποτῶν.

687 4032 707 4095 9

190 4113 325 4172 Stobaeus
338 4115 448 4174 ibidem

230 4206 277 4272 Ὠ
286 4209 482 4292 παγκθκιοτοι
497 4210 545 4273 καῖ
559 4210 593 4274 τδ
609 4215 718 4275 δοῦλον
733 4212 769 4275 ού
783 4214 866 4297 λόγῳ

239 4311 370 4394 ἔχοντες,
387 4313 468 4376 θλλδ
482 4315 517 4392 τῇ
533 4315 607 4396 τύχῃ
623 4313 802 4394 κεκτημένοι.
